2670 4824
418 365 482 434 ET
511 364 744 436 JUDICIA.
1044 394 1117 440 xvn

56 491 150 588 cujus
173 502 226 562 est
248 488 325 561 baec
343 487 531 585 epitoma,
552 512 663 560 nemo
689 489 736 559 D.
758 486 991 587 Hieronymo
1019 490 1119 563 anti-

55 600 154 700 quior
171 612 451 673 commemorat.

153 804 406 900 dontinus
440 801 733 871 GERARDUS
764 803 1006 888 VOSSI'US,

212 998 258 1044 DE
270 997 469 1045 fltsrotttcts
482 997 640 1060 LATINIS,
652 998 718 1042 LlB.
732 999 761 1059 1,
774 998 853 1044 CAP.
865 1000 960 1045 xxxi.

102 1167 237 1241 tustini
254 1169 319 1270 qui
334 1168 449 1269 Trogi
464 1168 651 1266 epitomen
668 1170 753 1244 fecit
762 1225 775 1263 ,
792 1196 860 1245 nec
876 1198 1034 1266 nomen,
1053 1202 1121 1249 nec

58 1292 136 1352 aetas
153 1278 382 1353 dubitatione
398 1293 509 1353 caret.
531 1281 573 1351 ln
591 1278 745 1352 Antonii
763 1282 919 1354 Arnoldi
936 1282 1031 1357 libro
1047 1310 1121 1357 no-

57 1391 257 1463 minabatur
280 1392 439 1463 Jusrmus
464 1391 669 1462 Fuourmus.
695 1392 748 1461 At
772 1390 809 1463 in
837 1391 960 1465 codice
980 1394 1124 1467 Biblio-

57 1502 166 1575 theca
188 1500 364 1574 Mediceae
390 1499 524 1573 dicitur
546 1500 602 1571 M.
622 1501 787 1573 lominus
804 1502 977 1575 Jusnuos.
1000 1506 1123 1606 Atque

59 1614 121 1686 boc
142 1611 265 1688 uerius
294 1637 422 1685 censeo
444 1610 493 1684 ob
516 1609 601 1682 libri
624 1613 699 1710 ejus
720 1610 1001 1711 antiquitatem:
1023 1619 1124 1715 cujus

59 1734 313 1825 argumentum
326 1746 402 1794 non
416 1721 496 1797 leve
510 1735 582 1812 est,
597 1721 696 1820 quod
711 1719 825 1795 literis
841 1725 1124 1825 Langobardicis

59 1832 208 1930 scriptus
225 1831 284 1905 sit.
307 1831 418 1931 Quod
432 1858 519 1905 vero
533 1830 579 1903 ad
591 1843 760 1923 aetatem,
780 1832 894 1934 Trogi
910 1837 1006 1935 ejus,
1022 1839 1124 1937 cujus

60 1942 243 2041 epitomen
254 1941 411 2041 scripsit,
424 1940 541 2013 filium
554 1940 661 2014 fuisse
672 1942 783 2014 tradit
794 1942 989 2020 Gualterus
1001 1947 1127 2021 Bnrlei

61 2052 231 2156 Anglicus
257 2050 322 2124 lib.
350 2050 397 2125 de
424 2052 515 2127 Vua
541 2050 846 2152 pbilosophorum,
873 2052 937 2154 qui
954 2082 1051 2129 anno
1069 2059 1126 2130 clo

60 2190 127 2235 cccc
155 2189 248 2235 uxun
278 2161 396 2237 editus
424 2162 471 2235 ab
497 2161 665 2235 Aruoldo
698 2162 924 2268 Terffiimen.
955 2165 1026 2237 Sed
1055 2165 1125 2238 boc

61 2272 188 2347 saeculo
206 2270 260 2344 illi
278 2272 547 2364 condonemus,
571 2297 645 2371 quo
663 2270 767 2347 vixit.
788 2276 843 2348 Ac
862 2274 1124 2349 eruditissimos

62 2386 167 2458 etiam
179 2383 278 2459 viros
290 2382 398 2458 video
409 2409 507 2474 esse,
527 2381 591 2482 qui
608 2381 837 2480 suspicentur
854 2381 1004 2477 vixisse,
1023 2400 1122 2484 post·

61 2520 166 2596 quam
188 2493 387 2592 imperium
411 2492 628 2567 translatum
652 2489 722 2565 fuit
742 2493 1125 2595 Constantinopolim:

62 2604 165 2707 idque
182 2606 231 2678 ob
248 2602 358 2680 verba
375 2603 437 2676 illa
455 2604 519 2677 lib.
538 2602 651 2676 Vlll:
677 2603 859 2677 Graeciam
880 2609 990 2678 etiam
1017 2632 1103 2680 nuuc
1113 2662 1127 2701 ‚

63 2732 93 2790 et
111 2714 251 2790 viribus
259 2772 273 2805 ,
302 2729 338 2789 et
363 2713 564 2812 dignitate,
595 2711 687 2787 orbis
712 2729 888 2787 terrarum
911 2720 1125 2819 principem.

63 2824 129 2899 Sed
145 2850 233 2898 nuuc
251 2824 332 2898 istic
350 2852 426 2899 nou
444 2824 561 2925 signat
578 2838 746 2922 tempus,
768 2850 843 2924 quo
861 2825 1026 2900 Justinus
1040 2827 1129 2900 scri-

64 2934 113 3009 bit
124 2966 137 3026 ;
161 2936 227 3010 sed
246 2936 292 3009 de
313 2962 386 3037 quo
404 2937 540 3009 scribit.
565 2935 763 3034 Quomodo
784 2936 883 3009 idem
901 2937 1024 3037 paullo
1045 2954 1128 3037 post

66 3045 112 3119 ait
130 3074 141 3118 z
160 3060 197 3119 et
206 3042 284 3120 baec
290 3050 513 3150 potissimum
512 3043 645 3148 facere
662 3044 851 3119 Jtaebanos
862 3103 876 3137 ,
889 3047 1128 3121 Lacedaemo-

66 3161 221 3260 niosque,
230 3174 341 3232 antea
349 3162 484 3232 interce
495 3160 645 3259 imperii,
653 3181 752 3228 nunc
762 3154 1129 3255 Graeciaeimperantis

10 3362 12 3377 Ι
67 3266 213 3341 aentulos
235 3296 250 3353 .·,
271 3269 335 3342 ubi
357 3296 443 3343 nunc
467 3268 595 3341 itidem
622 3266 741 3359 valet,
765 3265 830 3339 hoc
856 3282 1008 3369 tempore
1032 3266 1131 3369 quod

66 3383 291 3481 exponimus.
310 3379 421 3454 Plane
438 3404 526 3454 vero
543 3377 672 3452 vixisse
689 3376 844 3449 arbitror
859 3377 926 3449 sub
938 3376 1129 3450 Antonino

66 3488 154 3581 Pio,
174 3502 283 3589 atque
296 3489 380 3561 huic
396 3488 580 3586 epitomen
599 3514 700 3560 suam
713 3486 856 3560 dicasse.
876 3485 918 3558 ld
935 3484 1066 3588 colligo
1085 3512 1130 3558 ex

66 3598 271 3675 uerbisistis
287 3596 508 3700 praefationis
530 3630 538 3669 :
559 3596 789 3699 quodecim,
806 3601 999 3698 imperator
1011 3597 1130 3668 Anto-

66 3715 147 3785 nine
156 3768 170 3802 ,
191 3736 265 3784 non
278 3726 354 3783 tam
367 3708 623 3807 cogrwscendi,
646 3735 756 3811 quiam
768 3708 985 3782 emendandi
996 3712 1131 3780 caussa

66 3826 259 3897 transmisi.
279 3824 335 3895 lta
351 3821 451 3895 enim
472 3821 605 3893 habent
625 3819 800 3892 editiones
827 3819 984 3918 antiquae
995 3873 1006 3908 ,
1025 3844 1129 3918 quae,

66 3933 155 4036 quin
166 3932 271 4007 MSS.
287 3930 398 4005 fidem
410 3943 571 4033 sequutae
589 3930 724 4002 furciint
734 3985 746 4021 ‚
763 3930 883 4002 nullus
900 3928 1039 4001 dubito.
1060 3926 1131 4001 Sed

67 4044 243 4146 objiciunt
259 4042 300 4117 in
318 4043 468 4143 optimis
486 4040 585 4114 libris
600 4040 696 4143 legi:
716 4041 814 4143 quod
827 4039 881 4113 ad
897 4054 948 4127 te,
967 4064 1038 4110 non
1056 4054 1131 4110 tam

66 4154 328 4257 cognoscendi,
347 4158 465 4253 magis
484 4178 594 4254 quam
609 4150 826 4226 ememiandi
841 4162 996 4237 caussa,
1015 4163 1132 4221 trans·
