2670 4824
435 379 498 444 DE
520 374 737 442 IUSTINO.
1102 377 1122 439 3

62 505 116 566 mis
132 501 305 566 Persarum
321 516 373 560 res
396 490 498 585 g'estm
515 490 739 570 obscurando,
759 512 826 554 suar
845 492 949 579 gentis
965 514 1016 557 res
1031 492 1124 558 illus·

61 621 140 669 trare
157 600 355 666 studuerint.

99 707 206 787 Hujus
222 701 357 791 quidem
380 722 464 790 opus
486 696 570 762 illud
593 697 747 778 uberius,
771 719 790 761 a
812 694 940 761 Iustino
960 700 1126 763 nostruin

60 811 225 899 epitomen
239 804 426 886 redactum,
439 824 508 866 uon
523 800 583 864 diu
594 800 674 864 huic
687 799 840 888 epitomae
853 816 1014 889 superstes
1028 801 1127 866 fuisse

61 910 215 992 ridetur,
243 930 347 997 quum
373 906 548 972 hominum
573 900 724 966 socordia
753 901 885 967 brevius
909 904 1028 968 Iustini
1052 927 1128 968 cor·

59 1012 236 1103 pasculum
260 1009 387 1074 facilius
407 1008 586 1097 arriperet,
601 1006 726 1086 justum
748 1020 858 1069 autern
882 1006 985 1095 Trogi
1008 1029 1128 1101 corpus

61 1116 251 1205 negligeret.
279 1111 381 1193 Quod
405 1111 493 1176 idem
517 1108 680 1197 Polybio,
703 1107 868 1190 Diodoro,
896 1109 996 1173 Dioni
1021 1108 1144 1174 Cassio
1245 1134 1250 1141 ·

64 1216 217 1281 accidisse
231 1215 391 1279 dolemus.

102 1318 313 1383 Mentionem
326 1332 436 1380 tamen
449 1313 539 1378 illius
550 1313 676 1377 faciunt
688 1312 841 1377 nonnulli
852 1314 1001 1397 Veteres,
1013 1315 1047 1378 in
1059 1314 1129 1381 his:

107 1442 137 1484 1.
154 1420 357 1499 Priscianus,
372 1416 602 1506 grammaticus
617 1414 728 1478 saeculi
741 1415 786 1480 VI
801 1416 912 1498 initio,
928 1415 987 1479 lib.
1002 1418 1066 1498 VI,
1089 1440 1129 1481 cx

64 1522 164 1610 Trogi
186 1521 273 1584 libro
296 1521 340 1583 VI
362 1519 432 1582 haec
451 1518 553 1582 verba
572 1517 741 1606 proferens
761 1540 769 1581 :
791 1517 873 1582 Inde
892 1517 1016 1607 Scepsio
1031 1523 1130 1608 petit,

64 1640 122 1712 quo
139 1646 172 1687 sc
186 1621 331 1700 Medios,
347 1619 511 1708 interfecta
528 1643 632 1683 soture
649 1618 814 1707 (Mania),
831 1622 1013 1686 contulerat.
1030 1622 1073 1704 Is,
1090 1624 1132 1686 ab

64 1723 250 1809 Dercsllida
266 1725 367 1811 petito
380 1722 569 1810 colloquio,
587 1726 655 1786 etc.
684 1722 780 1787 Conf.
802 1722 919 1788 lustin.¹
940 1725 1003 1807 Vl,
1024 1749 1065 1809 1,
1090 1749 1132 1807 23

66 1827 140 1891 ooll.
157 1827 243 1890 Xen.
260 1826 345 1891 Hell.
363 1826 432 1907 III,
452 1847 489 1906 1,
504 1824 597 1889 8-21.

109 1955 142 1994 a.
163 1930 367 2011 Priscianus,
383 1928 442 1992 lib.
458 1926 505 2009 V,
527 1949 568 1991 ex
581 1925 693 2016 'Trogi
717 1924 774 1989 lib.
799 1926 916 2007 XXII,
936 1926 1034 1993 docet
1054 1951 1134 2011 nos,

65 2031 156 2096 hunc
184 2031 380 2096 historicum
408 2030 563 2095 formasse
587 2029 651 2094 sibi
683 2051 804 2094 nomen
817 2028 980 2116 flammea
1007 2033 1135 2121 generis

65 2134 232 2215 feminini,
247 2135 319 2199 haec
334 2135 403 2215 ejus
417 2133 516 2198 verba
530 2131 699 2222 proferens
712 2152 721 2194 ε
733 2132 895 2219 Papirius,
903 2144 1036 2220 propter
1050 2156 1136 2196 mor·

65 2235 315 2322 tcmflamineoe,
323 2236 478 2322 staminia
496 2235 583 2299 abia.
600 2233 639 2299 Id
655 2232 745 2322 quod
762 2233 888 2298 Gellius
906 2234 956 2316 X,
974 2234 1012 2299 15
1030 2233 1136 2299 dicit:

64 2338 201 2403 Flamen
213 2339 333 2419 Dialis,
346 2360 479 2402 uxorem
490 2341 518 2401 si
530 2340 636 2401 amisit
642 2336 825 2423 „flammatu
842 2336 879 2399 id
888 2349 949 2416 est,
962 2338 1137 2401 sacerdotio

64 2460 139 2517 suo,
156 2436 304 2500 decedit:
319 2436 380 2500 ubi
396 2437 508 2526 paullo
523 2452 598 2525 post
614 2436 648 2499 in
671 2436 746 2498 loco
762 2434 905 2522 quodam
922 2437 1060 2501 Masurii
1079 2438 1137 2501 Sa·

65 2538 155 2620 bini,
168 2559 242 2626 quae
255 2539 321 2602 hoc
337 2537 412 2602 loco
428 2553 476 2603 est
477 2537 638 2625 flammea
643 2586 654 2618 ,
667 2538 735 2602 sive
746 2537 837 2625 quod
849 2554 897 2602 est
911 2538 945 2603 in
960 2562 1028 2602 uno
1044 2536 1138 2621 cod.,

51 2639 222 2727 flaventia,
232 2638 534 2727 diciturstaminica,
544 2638 579 2704 id
589 2638 799 2722 est,llaminis
806 2663 901 2724 uxor,
908 2642 1006 2706 sicuti
1014 2640 1143 2706 ibidem

66 2740 182 2831 paullo
198 2758 289 2824 ante,
306 2744 340 2805 in
356 2742 421 2805 alio
435 2742 511 2806 loco
524 2742 619 2805 Fabii
633 2742 771 2806 Pictoris
780 2791 788 2825 ,
794 2741 952 2829 staminia
967 2759 1016 2807 est
1028 2742 1140 2806 domus

52 2844 206 2931 flaminis
217 2867 229 2906 .·
240 2844 351 2933 Ignem
361 2843 534 2932 estaminia
539 2891 549 2922 ,
561 2847 624 2906 nisi
631 2847 664 2906 in
672 2867 806 2925 sacrum,
820 2843 931 2932 efferri
928 2847 987 2931 jus
996 2869 1059 2908 non
1070 2857 1124 2909 est.
1208 2872 1212 2877 ·

116 2946 148 3010 3.
167 2947 300 3011 Servius
320 2946 407 3009 circa
422 2948 460 3010 A.
478 2947 515 3009 C.
532 2948 616 3027 400,
639 2946 681 3011 ad
694 2947 807 3036 Virgil.
829 2944 905 3011 AEn.
921 2947 989 3030 Ill,
1004 2971 1036 3011 v.
1057 2948 1140 3013 108:

69 3049 119 3113 De
131 3049 318 3139 parentibus
336 3047 449 3112 Teucri
463 3048 627 3138 dupliciter
644 3049 784 3113 traditur
799 3074 811 3112 :
827 3050 898 3113 Alii
913 3053 1044 3132 enim...,
1061 3054 1143 3115 inter

70 3173 147 3239 quos
162 3162 195 3213 ct
212 3148 351 3238 Trogus,
368 3149 559 3215 Scamandri
555 3147 669 3238 filium
683 3152 825 3216 tradunt.

117 3255 151 3329 4.
167 3250 262 3315 Idem
286 3251 329 3315 ad
348 3251 424 3317 AEn.
447 3254 508 3337 IV,
525 3253 583 3344 37,
600 3254 660 3318 ubi
676 3254 790 3343 Africa
811 3253 934 3320 dicitur
954 3268 1040 3321 terra
1056 3256 1142 3322 diues

71 3355 254 3443 triumphis,
279 3355 349 3419 haec
374 3356 509 3422 adnotat
536 3380 545 3422 τ
570 3357 692 3422 Plinius
716 3357 874 3423 Secundus
899 3359 978 3425 Hist.
1011 3360 1090 3427 Nat.
1113 3372 1145 3427 et

73 3454 240 3545 Pompeius
264 3456 388 3547 Trogus
415 3460 513 3546 dfros
539 3459 649 3524 ds'cunt
673 3483 826 3549 pompam
854 3462 1005 3551 triumphi
1024 3465 1145 3550 primos

74 3559 236 3639 invenisse,
261 3583 356 3648 quam
378 3560 437 3622 sibi
455 3561 592 3623 llomani
607 3574 721 3648 postea
743 3562 984 3629 vindicavensnt.
1011 3564 1145 3628 Dixerat

76 3674 189 3723 autem
205 3659 270 3723 boc
288 3661 463 3749 Pompeius
482 3661 539 3725 lib.
560 3664 653 3727 XIX.
673 3665 757 3730 Nam
776 3664 922 3731 lustinus
936 3666 1033 3747 XIX,
1051 3690 1084 3747 1,
1107 3692 1145 3755 7,

75 3759 317 3827 Hasdrubalem
336 3778 479 3851 quatwr
493 3765 654 3855 triumplu's
668 3767 830 3859 insignem
843 3769 1003 3833 interiisse
1021 3769 1054 3831 in
1072 3770 1147 3833 Sar·

77 3860 168 3929 dinis
183 3866 293 3929 refert.

92 4014 95 4019 -
126 3964 157 4031 5.
171 3967 297 4032 Plinius
309 3969 342 4033 in
352 3969 620 4034 indiceHistoriae
632 3970 796 4035 Naturalis
810 3969 926 4061 saepius
937 3971 1048 4036 laudan
1063 3973 1147 4036 Tro-

80 4092 160 4160 gum
176 4087 365 4156 auctorem,
380 4096 410 4137 v.
429 4097 457 4137 c.
475 4073 533 4137 lib.
547 4074 625 4155 Vll,
641 4096 691 4139 nr.
706 4074 965 4162 73v11tet1x3
982 4075 1028 4156 X,
1044 4098 1093 4140 nr.
1111 4076 1149 4157 83
