2670 4824
203 348 226 394 x
617 316 850 388 LECTORI

204 460 492 553 veratWetzel
512 462 554 543 in
574 463 742 577 propria
756 459 957 568 editione,
973 464 1128 576 integra
1141 465 1271 550 intae-

199 626 319 715 taque
341 601 555 683 retulimus
587 632 597 682 τ
626 602 669 681 in
701 599 858 711 quibus'
881 622 1042 706 auctor,
1072 622 1120 685 ut
1144 633 1269 718 supra

200 744 287 854 ipse
304 738 428 843 dixit,
447 767 573 849 quum
592 737 856 822 brevissimus
877 767 961 822 esse
979 740 1192 825 laboravit.
1209 742 1268 824 At

198 879 413 963 communi
443 876 635 960 bumanae
665 873 914 961 infirmitatis
944 878 1060 991 lege,
1092 881 1267 992 sae'pius,

196 1037 243 1099 ut
280 1016 477 1100 Horatius
516 1017 680 1127 inquit,
717 1015 761 1097 in
799 1017 951 1098 vitium
984 1017 1100 1101 ducit
1129 1021 1268 1145 culpoe

135 1157 329 1271 fingas
352 1158 407 1238 ita
430 1173 497 1258 ut,
522 1152 627 1237 dum
658 1154 853 1236 continuo
883 1152 1048 1239 Wetzcl
1076 1138 1265 1241 brevitati

196 1296 355 1399 studet,
375 1296 547 1379 obscura
576 1291 814 1395 interdum,
842 1311 912 1375 aut
941 1321 1090 1376 manea
1114 1291 1267 1377 decur-

194 1453 325 1517 tatavc
347 1432 644 1517 commentaria
668 1428 784 1536 lieri,
809 1428 1092 1515 confitendum
1114 1433 1178 1515 sit.
1200 1431 1267 1515 Ut

196 1573 338 1683 igitur,
364 1592 564 1682 quantum
591 1571 634 1651 in
666 1568 785 1653 nobis
813 1569 915 1674 fuit,
941 1600 1016 1655 nos
1035 1570 1264 1654 obscuriori

194 1716 236 1793 et
255 1734 425 1810 manco,
446 1708 602 1791 sessove
627 1726 668 1790 et
690 1705 933 1791 dormitanti
947 1708 1264 1822 suppleremus,

194 1848 352 1931 selectis
370 1849 580 1931 variorum
600 1847 930 1949 commentariis,
954 1846 988 1930 si
1014 1860 1115 1957 quas
1133 1847 1265 1929 omis·

193 2014 256 2069 sas
277 1996 403 2070 novas
427 1986 621 2069 lectiones
640 1987 848 2069 sententiae
867 1987 929 2071 vis
954 2003 1024 2069 aut
1047 1986 1266 2097 antiquitas

191 2122 287 2205 libri
309 2121 642 2227 commendaret,
671 2125 780 2208 notis
813 2124 1164 2207 intermiscuimus
1192 2155 1202 2206 ε
1230 2124 1264 2206 si

192 2262 402 2351 abstrusus
425 2264 720 2379 perplexusque
747 2291 888 2347 sensus
911 2260 1174 2375 explicandus
1194 2290 1266 2345 su·

193 2425 392 2516 parasset,
408 2405 659 2518 interpretati
673 2432 815 2487 sumus
826 2435 836 2485 ε
848 2403 882 2486 si
898 2399 1063 2513 quomo
1077 2419 1266 2514 acceptus

192 2538 453 2639 Wetreliano
479 2539 624 2624 Codici
655 2570 795 2625 sensus
827 2540 946 2624 nobis
972 2571 1056 2625 non
1082 2541 1265 2653 optimus

191 2674 426 2783 videretur,
458 2678 588 2767 libere
624 2676 890 2763 dissensimus
924 2711 934 2762 z
969 2681 1004 2762 si
1042 2680 1265 2762 necessaria

192 2815 383 2929 quaedam
402 2838 501 2905 nota
523 2818 727 2903 omnibus·
748 2819 791 2900 in
817 2816 1127 2901 commentariis
1144 2813 1265 2898 ¹desi-

191 2954 423 3063 deraretur,
449 2958 681 3042 invenimus
714 2990 724 3040 :
754 2959 789 3042 si
819 2986 913 3070 quae
932 2986 981 3038 ex
1011 2954 1100 3037 aliis
1119 2953 1266 3067 priscis

193 3096 460 3208 scriptoribus
484 3095 684 3180 laudanda
707 3097 828 3180 nobis
855 3094 1008 3179 similia
1033 3093 1123 3177 loca
1148 3091 1265 3177 vide-

192 3236 354 3337 rentur,
380 3233 657 3341 laudavimus,
677 3248 856 3319 necnon
878 3212 1123 3315 retulimus:
1145 3250 1266 3341 atquc

192 3366 388 3476 domum,
415 3402 466 3455 ue
478 3435 492 3479 ,
521 3371 684 3457 decimo
711 3402 822 3457 nono
851 3372 1022 3477 saeculo,
1047 3401 1094 3455 ex
1119 3372 1267 3484 priscae

193 3527 356 3593 tantum
384 3510 623 3595 eruditionis
657 3510 852 3626 adparatu
882 3539 988 3596 nova
1019 3512 1107 3593 haec
1139 3505 1266 3591 editio

192 3644 319 3732 decus
351 3651 553 3754 traheret,
589 3648 774 3735 Gallicos
809 3649 1018 3734 interdum
1052 3666 1266 3752 auctores,

194 3784 306 3897 quod
332 3786 385 3871 ad
414 3819 549 3874 mores
582 3791 879 3903 historiamque
899 3791 1149 3904 pertineret,
1168 3817 1267 3872 oon·

194 3924 390 4033 tulimus,
405 3928 827 4043 locupletissimosqne
841 3914 1008 4042 prorsus
1024 3947 1144 4012 testes
1161 3927 1287 4011 cxcir‘

196 4063 402 4171 tavim'us,
449 4067 642 4183 inprimis
689 4067 893 4175 Bossuet,
942 4067 1241 4180 Montesquieu
1253 4126 1267 4171 ,
