2670 4824
431 361 495 445 ΕΤ
519 371 749 447 sumeris
1064 389 1125 451 sn

60 510 158 569 hunc
172 494 297 593 paullo
314 496 496 596 comptius
510 496 697 597 leguntur,
715 511 752 570 et
769 494 811 568 ut
824 497 921 595 apud
938 498 1126 572 Justinutn

61 606 216 679 debeant
244 605 445 679 emendari.
478 607 541 678 Est
565 606 729 679 Justinus
761 606 915 705 scriptor
943 621 1056 681 tersus
1088 623 1127 682 et

35 715 226 817 elegans,
247 728 288 788 ut
310 715 357 788 de
378 740 424 789 eo
441 716 565 789 scribit
586 715 809 791 Raimundus
827 715 953 792 Lullus
970 720 1034 793 lib.
1055 722 1127 794 Vll

60 825 105 900 de
133 825 267 917 Orat,
293 850 373 924 cap.
398 830 437 917 4.
469 825 590 926 Quam
623 826 781 927 turpiter
806 842 928 902 autem
956 830 994 903 in
1018 832 1127 906 rebu's

57 935 209 1038 judaicis
232 935 432 1027 ehemarit,
466 936 624 1010 ostendit
652 936 867 1011 Benedictus
895 941 1061 1015 Peresius
1085 929 1126 1016 in

61 1046 249 1121 Danielem
276 1060 357 1172 cap.
386 1047 469 1119 XL.
497 1048 577 1121 MS.
605 1038 787 1121 exstat'in
813 1048 1031 1125 bibliotheca
1056 1081 1127 1153 pu-

60 1156 152 1232 blica
163 1157 374 1231 Academroe
385 1155 688 1257 Cantabrigiensis
696 1197 708 1250 ‚-
725 1170 762 1229 et
774 1152 908 1231 Oxonii
922 1159 959 1232 in
973 1150 1128 1262 collegio

62 1268 223 1368 corporis
240 1266 387 1341 Christis
408 1269 462 1340 At
482 1264 603 1342 nescio
623 1267 712 1367 quid
728 1266 795 1340 sihi
813 1268 921 1362 velit,
940 1272 1039 1370 quod
1058 1273 1129 1370 (ut

62 1395 115 1454 est
132 1379 230 1478 apud
252 1378 325 1452 Th.
351 1377 500 1475 Jame's)
527 1377 662 1451 Oxonii
687 1377 725 1449 in
742 1376 959 1452 bibliotheca
983 1380 1128 1483 collegii

63 1489 147 1565 novi
162 1501 301 1567 exstare
315 1486 456 1562 dicatur
469 1489 637 1590 Epitome
646 1487 873 1562 monam
884 1510 954 1592 per
969 1493 1128 1590 rugum

65 1602 276 1702 Pompeium
288 1598 441 1675 tib.lV.
717 1603 723 1619 ”
948 1600 954 1611 ’

371 1780 400 1861 t.
431 1778 470 1861 l.
501 1775 813 1879 rlnntcrus,

196 1954 236 2011 tu
254 1960 491 2010 memorares
509 1961 660 2026 narius,
678 1961 744 2008 nro.
764 1961 824 2026 111,-
843 1949 921 2009 cue.
940 1948 991 2011 tua

108 2109 274 2186 lustinus
295 2109 376 2211 quis
401 2107 512 2182 fuerit
535 2123 573 2181 et
593 2108 739 2211 quando
768 2110 925 2204 vixerit,
949 2139 1024 2186 non
1043 2097 1127 2189 satis

64 2236 292 2322 compertum
309 2233 385 2325 est,
404 2219 471 2294 etsi
486 2220 635 2310 Romae,
650 2233 733 2291 ante
750 2221 993 2317 Imperatores
1009 2208 1128 2327 Chris*

65 2334 203 2427 tianos,
220 2318 400 2431 scripsisse
412 2356 489 2404 non
502 2328 690 2433 dubitem,
704 2329 825 2427 ipsum
840 2331 1007 2404 aChristi
1020 2334 1128 2408 sacris

64 2445 236 2519 alienum.
255 2434 380 2543 ltaque
400 2468 476 2515 non
494 2436 676 2513 adsentior
694 2437 760 2530 iis,
784 2439 847 2540 qui
865 2440 912 2513 ad
928 2427 1128 2516 Theodosii

62 2546 157 2656 lmp.
182 2559 353 2653 temmra
376 2539 569 2653 rejiciunt,
600 2547 722 2623 nescio
748 2548 878 2647 quibus
904 2551 1127 2652 argumentis

63 2667 167 2744 moti.
187 2665 241 2740 Ut
255 2689 345 2741 uero
362 2661 527 2736 hocloco
544 2688 565 2734 a
582 2685 642 2733 me
658 2673 988 2765 commemoretur,
1016 2661 1125 2756 facit,-

62 2779 160 2881 quod
183 2778 224 2851 in
248 2773 466 2851 editionibus
487 2770 702 2874 quibusdam
730 2770 992 2872 antiquioribus
1014 2773 1127 2848 libros

63 2916 144 2965 snos
165 2887 300 2963 dicitur
325 2884 544 2983 inscripsisse
569 2882 645 2955 lue.
671 2882 851 2955 Aurornno
881 2882 946 2955 Pro
973 2912 983 2954 z
1009 2908 1126 2982 quan*

63 3018 171 3103 qnam
187 2999 390 3089 πρασοόησιν
404 2995 496 3068 hanc
508 2992 547 3066 in
558 2991 660 3066 nullo
670 2990 793 3065 codice
803 2991 939 3091 scripto
950 2991 1125 3090 reperisse

63 3118 259 3185 tete'statur
270 3109 347 3182 Jac.
362 3093 598 3213 Bongarsius3
616 3099 679 3201 qui
719 3105 798 3175 unt
809 3101 974 3175 additum
988 3129 1125 3176 nomeu

62 3217 242 3296 Antonini
259 3208 304 3292 ab
316 3207 383 3310 iis,
399 3215 463 3317 qui
473 3205 665 3317 ¹«lustinum
680 3128 768 3286 lillso
782 3214 940 3287 eundem
954 3229 1125 3312 putarent

63 3357 144 3407 cnm
167 3329 303 3405 celebri
330 3330 406 3430 ejus
428 3325 585 3400 nominis
609 3312 838 3425 Philosopho'
857 3325 1062 3427 Christiano
1087 3340 1123 3401 et

60 3440 247 3544 Martyre,
274 3439 314 3513 in
341 3465 415 3541 quo
440 3461 562 3511 errore
586 3433 717 3508 versati
734 3449 818 3508 sunt
833 3434 1014 3528 Isidorus,
1033 3437 1124 3509 Jor-

62 3552 221 3646 handes‚
249 3540 311 3625 Jo.
335 3547 467 3623 Sarish.
488 3562 525 3620 et
545 3545 606 3619 alii
624 3544 854 3647 recentiores.
874 3544 1003 3646 Neque
1022 3543 1123 3619 veri-

62 3663 178 3739 simile
188 3655 346 3755 videtur,
358 3646 545 3733 Justinum
554 3655 772 3731 emendandi
781 3680 903 3729 caussa
912 3681 1003 3755 opus
1014 3681 1123 3728 suum

63 3776 106 3850 ad
119 3775 381 3876 imperatorem
396 3769 543 3843 mittere
555 3756 732 3859 voluisse,
749 3765 848 3867 quod
860 3765 899 3838 in
911 3763 1122 3867 praefatione
1235 3863 1247 3883 Ι

62 3885 182 3959 lnnuit
190 3941 204 3979 ,
221 3885 252 3958 si
269 3911 350 3958 eam
368 3908 444 3955 non
461 3879 582 3979 potius
594 3866 641 3950 ad
657 3876 778 3952 virum
796 3864 953 3976 aliquem
972 3873 1121 3949 doctum

63 3984 157 4070 illius
183 3994 334 4088 aetatis,
360 3991 498 4093 sibique
523 3987 707 4077 amicum,
735 4013 845 4090 quam
871 3986 917 4058 ad
942 3985 1121 4059 Caesarem

63 4092 207 4183 direxit.
225 4105 314 4181 Non
332 4102 446 4207 magis
462 4115 604 4177 certum
616 4113 689 4192 est,
702 4098 802 4201 quod
819 4095 1000 4173 Martinus
1012 4096 1124 4171 Polo*
