2670 4824
128 360 177 405 rur
381 335 618 406 LECTORI
643 334 938 406 BENEVOLO.

65 500 71 511 '
127 485 284 567 varient
322 482 365 564 in
397 482 663 595 Thomyris,
716 482 761 561 T
755 483 902 564 ommis
910 494 928 589 ',
975 481 1169 596 Tamyris
1182 508 1201 593 ,‘

135 621 332 741 Tomitas,
362 619 596 726 Uram-eris,
627 619 830 709 Tamaris.
853 618 1008 704 Contra
1033 642 1172 706 autem
1184 687 1199 729 ,

128 760 374 844 Latinorum
398 761 557 871 sequuti
583 748 943 863 consuetudinem,
970 758 1200 874 adspiravi-

126 926 220 980 mus
247 897 417 979 nomina
448 896 653 1002 Hadriae,
682 897 924 1005 Hamilcar,
958 900 1197 1008 Hannibal,

126 1037 361 1141 Hammon,
383 1037 471 1118 sine
489 1037 517 1116 Ιι
536 1032 696 1117 Graecis
715 1038 996 1146 pronunciata.

182 1171 255 1255 Nil
276 1169 500 1255 dicendum
516 1169 567 1254 de
586 1168 898 1278 additamentis,
919 1176 1074 1260 scilicet
1093 1176 1200 1261 Pro-

125 1311 370 1424 legomenis,
388 1309 597 1423 Prologis,
617 1330 656 1392 et
673 1307 885 1394 Indicihus
901 1342 910 1394 ε
925 1341 1017 1423 quae
1027 1313 1200 1426 quidem

125 1451 210 1534 iere
237 1453 379 1535 omnia
411 1453 559 1533 intacta
594 1449 836 1554 habuimus,
868 1449 948 1532 nisi
978 1450 1114 1562 quod,
1146 1451 1234 1536 de*

16 1616 21 1625 ’
125 1590 290 1675 Justino
310 1591 544 1674 testimonia
564 1607 655 1671 tum
676 1607 862 1671 veterum
882 1608 974 1671 tum
993 1591 1200 1675 recentio-

125 1762 222 1814 rum
255 1733 505 1844 scriptorum
545 1727 854 1841 Prolegomenis
890 1729 1200 1841 praemisimus,

124 1869 392 1982 paucissimas
418 1865 475 1948 ad
504 1864 702 1977 Prologos
735 1864 896 1949 notulas
925 1863 1199 1979 subjecimus,

126 2026 166 2090 et
194 2008 237 2088 in
257 2005 495 2110 Indicihus,
526 2034 618 2117 quae
646 2002 897 2087 Germanice
929 2003 1201 2118 explicaverat

124 2143 314 2250 wetzel,
334 2142 501 2226 Gallice
522 2132 809 2256 expressimus.

179 2281 264 2366 Sed
281 2283 468 2396 longiore
482 2301 522 2365 te
536 2281 776 2397 praefatione
795 2310 1027 2389 moramur,
1041 2287 1201 2399 optime

125 2420 277 2504 Lector
295 2453 305 2503 ε
323 2450 576 2533 quamquam
592 2439 732 2504 tamen
749 2423 792 2502 in
807 2423 896 2536 ipso
910 2425 1048 2508 statim
1065 2427 1202 2539 operis

125 2559 271 2641 limine
285 2556 337 2641 de
352 2561 550 2673 propositi
566 2560 694 2641 nostri
713 2561 870 2642 ratione
884 2580 924 2642 te
938 2559 1203 2646 admonitum

128 2697 348 2781 voluimus.
369 2695 413 2778 Si
434 2694 534 2806 quid
554 2724 650 2807 ergo
669 2695 773 2780 hene
790 2688 842 2783 de
865 2696 1030 2784 lustino
1057 2702 1200 2786 meriti

128 2836 281 2942 simus,
310 2833 483 2946 henigne
513 2837 811 2949 interpreteris3
841 2840 875 2923 si
905 2837 1006 2952 quid
1029 2838 1205 2923 mendo-

130 3004 224 3059 sum
257 3002 504 3057 manuumve
535 2974 806 3087 reliquimus,
842 2978 1049 3089 ignoscere
1076 2979 1204 3084 velis,

130 3110 404 3195 eruditissime
422 3112 595 3218 Lector,
613 3142 694 3227 qua
722 3143 796 3198 nos
825 3112 943 3199 dccet
970 3104 1204 3222 modestia,

131 3279 336 3362 rogamus.
365 3247 606 3335 Scribebam
632 3250 827 3358 Parisiis,
857 3282 1000 3336 mense
1024 3255 1203 3361 martio,

134 3418 385 3472 uncccxxru.

853 3658 858 3668 .
925 3528 985 3611 N.
1000 3529 1053 3612 E.
1076 3529 1126 3611 L.

175 3765 243 3820 Not.
253 3763 336 3819 Inter
346 3761 463 3819 codices
475 3780 511 3819 ex
523 3762 634 3837 quibua
645 3762 858 3819 Wetzelianmu
871 3771 984 3818 textum
994 3759 1201 3835 ‚recensuimus

134 3870 283 3927 notandus
305 3881 349 3928 est
371 3888 448 3926 unua
469 3869 634 3926 Thuauaeus
658 3868 755 3944 Regiae
778 3860 969 3935 Bibliothecae
991 3852 1000 3922 'z
1026 3887 1124 3945 quern!
1134 3869 1202 3926 MS.

137 3978 254 4053 optimae
268 3990 345 4036 uotae
356 3976 448 4034 {nure
462 3987 587 4034 testatur
598 3980 662 4037 lac.
678 3976 848 4038 Gronovius
859 3978 899 4037 ad
911 3977 1070 4039 Arriauum
1082 3977 1135 4036 lib.
1150 3977 1183 4034 11

138 4104 203 4162 cap.
221 4103 258 4159 a,
271 4085 308 4151 de
324 4084 437 4164 Exped.
451 4085 535 4143 Alex.
547 4095 610 4142 not.
