2670 4824
217 368 272 459 Ι36
564 368 956 433 PROLEGOMENA
1268 456 1271 461 Ι

142 566 146 575 ⁴
228 487 305 548 (lar.
322 484 382 547 lll.
400 483 528 572 Scythae
546 486 606 572 ipsi
623 482 698 549 duri
716 483 872 570 belloque
889 483 1005 565 fortes,
1021 483 1173 549 Sesostris
1192 486 1299 550 victo·

272 609 340 666 ros,
353 587 460 648 Asiam
473 602 586 650 tenent
601 587 665 649 sibi
680 586 873 674 vectigalem
890 609 948 674 per
963 608 1065 649 annos
1086 583 1180 650 1500.
1194 590 1233 651 A.
1252 589 1297 652 Μ.

273 687 455 751 3oo·18oo.

227 791 303 853 Car.
320 790 374 852 lV.
393 789 442 852 Ab
459 789 510 852 his
527 805 609 851 ortae.
625 791 798 853 Aunzonus
814 790 849 852 in
862 788 1067 878 Cappadocia
1080 813 1212 879 magnas
1229 813 1298 872 rcs,

271 907 304 954 et
320 891 354 954 in
371 890 442 954 Asia
457 907 489 954 et
503 891 535 953 in
551 892 700 979 Europa,
715 913 841 980 gessere
854 891 895 955 ad
909 892 1130 957 Alexandrum
1147 916 1263 981 usque.

226 1008 302 1071 Car.
316 1008 356 1070 V.
374 1007 502 1094 Scythae
523 1008 582 1094 ipsi
604 1030 713 1071 servos
734 1031 810 1071 suos
826 1008 981 1090 vincunt,
1004 1010 1138 1072 Darium
1157 1010 1298 1097 (respice

270 1109 304 1186 l,
323 1104 374 1193 ιο)
389 1106 608 1169 frustraabire
619 1123 743 1194 cogunt
757 1107 806 1194 (A.
817 1108 857 1169 U.
873 1106 950 1193 241)
966 1131 973 1170 :
989 1108 1045 1193 qui
1057 1108 1134 1170 hinc
1147 1107 1298 1196 trepidus

270 1233 374 1297 quum
390 1209 584 1296 aufugisset,
602 1207 831 1273 Macedoniam
848 1208 961 1273 domat
980 1226 1013 1272 et
1033 1209 1152 1291 Ionas,
1174 1210 1305 1296 quibus

269 1312 468 1374 auxiliantur
484 1310 708 1375 Athenienses.
723 1312 759 1374 A.
774 1311 814 1373 U.
834 1314 909 1389 242.

224 1416 304 1478 Car.
321 1414 377 1476 Vl.
399 1412 584 1500 Exponitur
600 1410 641 1475 de
659 1412 909 1476 Atheniensium
929 1413 1073 1499 origine,
1095 1413 1221 1477 artibus
1236 1437 1297 1502 per

268 1518 329 1580 hos
345 1517 485 1579 inventis
500 1530 534 1578 et
551 1514 706 1595 excultis,
721 1515 937 1602 agricultura,
955 1515 1073 1594 literis,
1090 1515 1296 1601 eloquentia,

267 1619 413 1707 legibus,
438 1617 480 1681 de
504 1616 637 1704 regibus
665 1618 833 1705 Cecrope,
858 1615 1296 1704 Cranao,An1phictyone,

267 1722 472 1801 Erechtheo,
491 1719 618 1807 AEge0,
637 1719 784 1802 Theseo,
806 1718 1082 1808 Demophoonte,
1105 1717 1216 1782 Codro
1242 1720 1296 1784 ul-

266 1827 360 1888 timo.
378 1827 415 1887 A.
432 1823 478 1887 M.
495 1821 700 1907 2426-2913.

223 1939 299 2002 Csr.
312 1937 483 2001 Vll-Vlll.
494 1936 545 1999 Ab
557 1936 636 1999 hinc
646 1937 758 2000 civitas
771 1959 992 2003 incussimus
1002 1938 1171 2002 commissa
1184 1937 1236 2026 (A.
1246 1936 1292 2001 Μ.

268 2040 375 2127 3390)
390 2040 477 2129 leges
490 2041 617 2128 accepit
634 2063 652 2102 a
671 2040 808 2119 Solone,
831 2042 902 2104 viro
919 2040 1156 2128 sapientissimo
1180 2040 1234 2126 (A.
1252 2041 1293 2103 U.

271 2142 363 2231 16o):
376 2144 434 2230 qni
447 2142 641 2206 Salaminem
655 2142 782 2206 civibus
797 2145 862 2206 suis
874 2143 1051 2207 vindicavit
1065 2158 1210 2231 ereptam
1223 2143 1294 2233 Me·

266 2267 361 2334 garae,
370 2266 467 2332 qnam
480 2243 558 2307 dolo
571 2246 649 2308 vicit
662 2244 862 2327 Pisistratus,
875 2246 933 2332 qui
945 2246 1056 2334 paullo
1070 2261 1143 2334 post
1153 2246 1293 2333 patriam

268 2343 441 2434 tyrannide
458 2347 628 2434 oppressit.
643 2347 681 2410 A.
698 2346 738 2410 U.
760 2345 917 2435 195·227·

220 2447 298 2511 Ctr.
310 2449 368 2511 lX.
384 2447 490 2528 Hujus
507 2446 651 2510 filiorum
665 2448 769 2513 altero
782 2450 955 2514 interfecto
974 2450 1024 2537 (A.
1041 2450 1081 2512 U.
1099 2448 1193 2536 241),
1211 2450 1293 2514 alter

266 2550 299 2611 in
326 2549 474 2613 exsilium
501 2550 614 2636 pulsus
639 2551 779 2614 solicitat
808 2553 840 2614 in
867 2553 1004 2640 patriam
1029 2554 1140 2616 Persas
1165 2553 1222 2639 (A.
1250 2552 1290 2616 U.
1319 2594 1325 2598 -

266 2649 329 2727 245
338 2650 367 2737 ):
381 2673 525 2738 quornm
542 2675 598 2715 rex
612 2653 728 2717 Darius
743 2653 882 2741 (respice
896 2677 965 2741 cap.
985 2652 1023 2736 5,
1044 2654 1096 2741 13)
1109 2678 1128 2718 a
1141 2654 1292 2720 Miltiade

267 2755 299 2816 in
317 2776 433 2842 campo
448 2754 658 2817 Marathonio
673 2752 819 2825 caeditur.
839 2759 875 2818 A.
894 2755 934 2818 U.
951 2755 1026 2833 264.

220 2871 296 2932 Car.
307 2870 347 2932 X.
357 2870 462 2950 Hujus
468 2890 636 2933 successor
649 2870 784 2947 Xerxes,
797 2870 963 2933 immensis
975 2869 1078 2958 copiis
1088 2886 1121 2934 et
1134 2869 1292 2959 pedestri·

264 2973 325 3035 bus
338 2988 370 3035 ct
383 2972 551 3035 navalibus
566 2972 759 3052 instructus,
775 2971 901 3035 bellum
917 2995 934 3034 a
952 2988 1044 3061 patre
1061 2971 1124 3035 sibi
1138 2973 1291 3037 relictum

267 3092 413 3139 renovat.
431 3078 467 3137 A.
482 3074 523 3136 U.
542 3073 616 3136 268.

219 3190 295 3253 Can.
309 3190 465 3252 §tt-xlv.
480 3186 669 3268 Leonidam,
681 3188 747 3253 600
758 3191 992 3279 Spartanorum
1005 3188 1135 3270 ducem,
1146 3188 1241 3254 caedit
1250 3190 1292 3254 ad

264 3291 524 3380 Thermopylas,
548 3290 685 3378 Delphis
704 3293 849 3381 spoliatis
866 3294 920 3383 (A.
941 3293 981 3355 U.
1002 3289 1103 3377 274);
1121 3291 1291 3378 Thespiis,

264 3394 389 3457 Platoris
403 3410 436 3456 et
448 3392 584 3456 Athenis
596 3393 751 3475 incensis,
763 3395 905 3457 vincitur
921 3392 999 3456 dolo
1017 3408 1049 3455 et
1064 3392 1185 3455 virtute
1202 3393 1230 3453 T
1232 3393 1291 3455 he·

264 3495 420 3559 mistoclis
436 3494 477 3557 ad
494 3496 653 3558 Salamina
669 3497 723 3582 (A.
746 3496 785 3558 U.
810 3495 911 3583 274);
933 3494 1110 3579 multisque
1132 3493 1292 3556 militibus

265 3613 298 3660 et
312 3596 396 3660 farne
413 3612 446 3659 ct
461 3614 551 3683 peste
567 3598 707 3675 amissis,
723 3596 860 3660 caeditur
875 3596 963 3685 apud
987 3597 1119 3659 Plataeas
1142 3596 1291 3677 Boeotiae,

265 3697 448 3785 eodemque
467 3698 521 3762 dic
541 3701 629 3787 regia
649 3699 756 3763 classis
775 3700 919 3763 vincitur
937 3698 978 3761 ad
996 3697 1145 3784 Mycalen
1163 3698 1263 3759 lonize
1282 3720 1289 3761 :

264 3822 322 3862 rex
336 3801 404 3888 ipse
416 3800 542 3888 trepida
557 3801 632 3889 fuga
644 3801 782 3888 Abydon
798 3802 947 3889 Phrygiae
961 3801 1099 3881 trajicit,
1116 3797 1291 3864 Mardouio

265 3925 342 3964 cum
360 3901 503 3982 3oo,ooo
517 3902 677 3965 militibus
693 3905 727 3965 in
745 3904 869 3968 Graecia
885 3904 1009 3968 relicto.
1024 3905 1059 3966 A.
1077 3902 1117 3965 U.
1140 3898 1213 3990 275.

197 4002 207 4017 ”
222 4017 299 4080 Car.
310 4017 381 4081 XV.
395 4018 744 4100 Atheniensesautenr,
757 4041 899 4106 quorum
912 4019 1074 4108 praecipua
1083 4018 1115 4081 in
1127 4018 1191 4081 hoc
1201 4018 1292 4082 bello

267 4119 370 4207 gloria
379 4119 498 4200 suerat,
510 4120 607 4184 sicuti
618 4120 848 4188 Themistoclis
857 4146 983 4186 summa
992 4122 1129 4210 (respice
1143 4144 1211 4209 cap.
1232 4125 1269 4199 11(
1281 4170 1290 4199 ,
