<?xml version="1.0" encoding="UTF-8"?>
<!DOCTYPE html PUBLIC "-//W3C//DTD XHTML 1.0 Transitional//EN"
    "http://www.w3.org/TR/xhtml1/DTD/xhtml1-transitional.dtd">
<html xmlns="http://www.w3.org/1999/xhtml" xml:lang="en" lang="en">
 <head>
  <title>
</title>
<meta http-equiv="Content-Type" content="text/html;charset=utf-8" />
  <meta name='ocr-system' content='tesseract 3.04.00' />
  <meta name='ocr-capabilities' content='ocr_page ocr_carea ocr_par ocr_line ocrx_word'/>
</head>
<body>
  <div class='ocr_page' id='page_1' title='image "bibliothecaclas56lemagoog_0023.png"; bbox 0 0 2670 4824; ppageno 0'>
   <div class='ocr_carea' id='block_1_1' title="bbox 229 339 926 412">
    <p class='ocr_par' dir='ltr' id='par_1_1' title="bbox 229 339 926 412">
     <span class='ocr_line' id='line_1_1' title="bbox 229 339 926 412; baseline 0 -2"><span class='ocrx_word' id='word_1_1' title='bbox 229 362 321 412; x_wconf 78' lang='lat' dir='ltr'>xvrn</span> <span class='ocrx_word' id='word_1_2' title='bbox 595 339 926 411; x_wconf 80' lang='lat' dir='ltr'><strong>TESTIMONIA</strong></span> 
     </span>
    </p>
   </div>
   <div class='ocr_carea' id='block_1_2' title="bbox 175 451 1321 3972">
    <p class='ocr_par' dir='ltr' id='par_1_2' title="bbox 175 451 1321 3972">
     <span class='ocr_line' id='line_1_2' title="bbox 229 451 1298 558; baseline 0.004 -30"><span class='ocrx_word' id='word_1_3' title='bbox 229 451 1298 558; x_wconf 78' lang='lat' dir='ltr'>misr’.QuamMSS.lectionem,etiamssougarsiusretiuuit.</span> 
     </span>
     <span class='ocr_line' id='line_1_3' title="bbox 222 560 1301 664; baseline 0.003 -26"><span class='ocrx_word' id='word_1_4' title='bbox 222 563 299 638; x_wconf 84' lang='lat' dir='ltr'>sed</span> <span class='ocrx_word' id='word_1_5' title='bbox 315 560 406 636; x_wconf 89' lang='lat' dir='ltr'>nihil</span> <span class='ocrx_word' id='word_1_6' title='bbox 413 561 672 661; x_wconf 83' lang='lat' dir='ltr'>manifestius,</span> <span class='ocrx_word' id='word_1_7' title='bbox 690 588 801 664; x_wconf 89' lang='lat' dir='ltr'>quam</span> <span class='ocrx_word' id='word_1_8' title='bbox 818 589 894 637; x_wconf 92' lang='lat' dir='ltr'>non</span> <span class='ocrx_word' id='word_1_9' title='bbox 912 564 964 637; x_wconf 86' lang='lat' dir='ltr'>ita</span> <span class='ocrx_word' id='word_1_10' title='bbox 982 565 1162 664; x_wconf 83' lang='lat' dir='ltr'>scripsisse</span> <span class='ocrx_word' id='word_1_11' title='bbox 1179 567 1301 641; x_wconf 83' lang='lat' dir='ltr'>Jusu&#39;-</span> 
     </span>
     <span class='ocr_line' id='line_1_4' title="bbox 226 672 1300 774; baseline 0.002 -27"><span class='ocrx_word' id='word_1_12' title='bbox 226 699 344 747; x_wconf 88' lang='lat' dir='ltr'>num:</span> <span class='ocrx_word' id='word_1_13' title='bbox 365 697 433 745; x_wconf 91' lang='lat' dir='ltr'>nec</span> <span class='ocrx_word' id='word_1_14' title='bbox 450 672 551 746; x_wconf 89' lang='lat' dir='ltr'>enim</span> <span class='ocrx_word' id='word_1_15' title='bbox 572 699 639 745; x_wconf 75' lang='lat' dir='ltr'>rau</span> <span class='ocrx_word' id='word_1_16' title='bbox 663 687 701 747; x_wconf 88' lang='lat' dir='ltr'>et</span> <span class='ocrx_word' id='word_1_17' title='bbox 723 699 821 746; x_wconf 72' lang='lat' dir='ltr'>naurs</span> <span class='ocrx_word' id='word_1_18' title='bbox 839 673 923 747; x_wconf 89' lang='lat' dir='ltr'>satis</span> <span class='ocrx_word' id='word_1_19' title='bbox 942 673 1177 751; x_wconf 89' lang='lat' dir='ltr'>conveniunt.</span> <span class='ocrx_word' id='word_1_20' title='bbox 1198 674 1300 774; x_wconf 83' lang='lat' dir='ltr'><strong>Quid</strong></span> 
     </span>
     <span class='ocr_line' id='line_1_5' title="bbox 175 777 1298 884; baseline 0.002 -27"><span class='ocrx_word' id='word_1_21' title='bbox 175 781 184 800; x_wconf 79' lang='lat'>&#39;</span> <span class='ocrx_word' id='word_1_22' title='bbox 226 777 345 884; x_wconf 74' lang='lat' dir='ltr'>ergo?</span> <span class='ocrx_word' id='word_1_23' title='bbox 363 782 467 855; x_wconf 91' lang='lat' dir='ltr'>Num</span> <span class='ocrx_word' id='word_1_24' title='bbox 484 782 647 856; x_wconf 89' lang='lat' dir='ltr'>dicemus</span> <span class='ocrx_word' id='word_1_25' title='bbox 664 806 762 856; x_wconf 74' lang='lat' dir='ltr'>ulcis</span> <span class='ocrx_word' id='word_1_26' title='bbox 781 796 955 883; x_wconf 88' lang='lat' dir='ltr'>tanquam</span> <span class='ocrx_word' id='word_1_27' title='bbox 973 785 1199 884; x_wconf 85' lang='lat' dir='ltr'>superfluum</span> <span class='ocrx_word' id='word_1_28' title='bbox 1216 784 1298 859; x_wconf 91' lang='lat' dir='ltr'>tolli</span> 
     </span>
     <span class='ocr_line' id='line_1_6' title="bbox 226 890 1297 995; baseline 0.002 -28"><span class='ocrx_word' id='word_1_29' title='bbox 226 890 425 993; x_wconf 74' lang='lat' dir='ltr'>oportere?</span> <span class='ocrx_word' id='word_1_30' title='bbox 442 906 550 994; x_wconf 86' lang='lat' dir='ltr'>atque</span> <span class='ocrx_word' id='word_1_31' title='bbox 563 919 645 989; x_wconf 21' lang='lat' dir='ltr'>‘non</span> <span class='ocrx_word' id='word_1_32' title='bbox 659 892 806 969; x_wconf 85' lang='lat' dir='ltr'>videtur</span> <span class='ocrx_word' id='word_1_33' title='bbox 824 891 869 965; x_wconf 89' lang='lat' dir='ltr'>de</span> <span class='ocrx_word' id='word_1_34' title='bbox 887 893 1003 967; x_wconf 91' lang='lat' dir='ltr'>nihilo</span> <span class='ocrx_word' id='word_1_35' title='bbox 1021 920 1120 987; x_wconf 87' lang='lat' dir='ltr'>esse,</span> <span class='ocrx_word' id='word_1_36' title='bbox 1138 893 1238 995; x_wconf 81' lang='lat' dir='ltr'>qrrod</span> <span class='ocrx_word' id='word_1_37' title='bbox 1256 895 1297 969; x_wconf 89' lang='lat' dir='ltr'>in</span> 
     </span>
     <span class='ocr_line' id='line_1_7' title="bbox 225 1002 1298 1105; baseline 0 -27"><span class='ocrx_word' id='word_1_38' title='bbox 225 1002 375 1104; x_wconf 89' lang='lat' dir='ltr'>optimis</span> <span class='ocrx_word' id='word_1_39' title='bbox 395 1002 497 1077; x_wconf 86' lang='lat' dir='ltr'>libris</span> <span class='ocrx_word' id='word_1_40' title='bbox 523 1002 670 1105; x_wconf 83' lang='lat' dir='ltr'>legitur.</span> <span class='ocrx_word' id='word_1_41' title='bbox 697 1002 820 1102; x_wconf 83' lang='lat' dir='ltr'><strong>Quare</strong></span> <span class='ocrx_word' id='word_1_42' title='bbox 839 1015 954 1100; x_wconf 90' lang='lat' dir='ltr'>puto,</span> <span class='ocrx_word' id='word_1_43' title='bbox 977 1002 1154 1102; x_wconf 90' lang='lat' dir='ltr'>scripturn</span> <span class='ocrx_word' id='word_1_44' title='bbox 1172 1003 1298 1102; x_wconf 91' lang='lat' dir='ltr'>primo</span> 
     </span>
     <span class='ocr_line' id='line_1_8' title="bbox 222 1112 1296 1215; baseline 0 -29"><span class='ocrx_word' id='word_1_45' title='bbox 222 1113 355 1206; x_wconf 90' lang='lat' dir='ltr'>fuisse,</span> <span class='ocrx_word' id='word_1_46' title='bbox 374 1113 494 1215; x_wconf 82' lang='lat' dir='ltr'>quod,</span> <span class='ocrx_word' id='word_1_47' title='bbox 513 1114 695 1186; x_wconf 81' lang='lat' dir='ltr'>Antonine</span> <span class='ocrx_word' id='word_1_48' title='bbox 721 1118 782 1185; x_wconf 84' lang='lat' dir='ltr'>im.</span> <span class='ocrx_word' id='word_1_49' title='bbox 805 1139 878 1186; x_wconf 85' lang='lat' dir='ltr'>nou</span> <span class='ocrx_word' id='word_1_50' title='bbox 899 1112 1137 1211; x_wconf 73' lang='lat' dir='ltr'>cogrwscendi</span> <span class='ocrx_word' id='word_1_51' title='bbox 1154 1119 1296 1212; x_wconf 77' lang='lat' dir='ltr'>magis,</span> 
     </span>
     <span class='ocr_line' id='line_1_9' title="bbox 222 1223 1297 1328; baseline 0 -32"><span class='ocrx_word' id='word_1_52' title='bbox 222 1251 334 1328; x_wconf 78' lang='lat' dir='ltr'>quam</span> <span class='ocrx_word' id='word_1_53' title='bbox 345 1223 564 1297; x_wconf 76' lang='lat' dir='ltr'>enundaudi</span> <span class='ocrx_word' id='word_1_54' title='bbox 579 1248 728 1313; x_wconf 81' lang='lat' dir='ltr'>caussa,</span> <span class='ocrx_word' id='word_1_55' title='bbox 744 1228 937 1297; x_wconf 82' lang='lat' dir='ltr'>transmisi.</span> <span class='ocrx_word' id='word_1_56' title='bbox 958 1223 1104 1322; x_wconf 82' lang='lat' dir='ltr'>Nempe</span> <span class='ocrx_word' id='word_1_57' title='bbox 1119 1249 1163 1297; x_wconf 89' lang='lat' dir='ltr'>ex</span> <span class='ocrx_word' id='word_1_58' title='bbox 1175 1225 1297 1296; x_wconf 85' lang='lat' dir='ltr'>Anto-</span> 
     </span>
     <span class='ocr_line' id='line_1_10' title="bbox 222 1328 1295 1434; baseline 0 -27"><span class='ocrx_word' id='word_1_59' title='bbox 222 1340 306 1407; x_wconf 86' lang='lat' dir='ltr'>nine</span> <span class='ocrx_word' id='word_1_60' title='bbox 323 1339 384 1407; x_wconf 85' lang='lat' dir='ltr'>im.</span> <span class='ocrx_word' id='word_1_61' title='bbox 408 1334 571 1407; x_wconf 88' lang='lat' dir='ltr'>fecerunt</span> <span class='ocrx_word' id='word_1_62' title='bbox 588 1328 643 1407; x_wconf 83' lang='lat' dir='ltr'>ad</span> <span class='ocrx_word' id='word_1_63' title='bbox 657 1349 691 1406; x_wconf 86' lang='lat' dir='ltr'>te</span> <span class='ocrx_word' id='word_1_64' title='bbox 706 1359 791 1405; x_wconf 88' lang='lat' dir='ltr'>non.</span> <span class='ocrx_word' id='word_1_65' title='bbox 812 1334 865 1404; x_wconf 78' lang='lat' dir='ltr'>At</span> <span class='ocrx_word' id='word_1_66' title='bbox 877 1331 962 1432; x_wconf 92' lang='lat' dir='ltr'>quia</span> <span class='ocrx_word' id='word_1_67' title='bbox 976 1333 1026 1407; x_wconf 92' lang='lat' dir='ltr'>sic</span> <span class='ocrx_word' id='word_1_68' title='bbox 1039 1360 1111 1406; x_wconf 83' lang='lat' dir='ltr'>rwn</span> <span class='ocrx_word' id='word_1_69' title='bbox 1128 1332 1295 1434; x_wconf 84' lang='lat' dir='ltr'>gemina-</span> 
     </span>
     <span class='ocr_line' id='line_1_11' title="bbox 220 1440 1292 1537; baseline 0.001 -18"><span class='ocrx_word' id='word_1_70' title='bbox 220 1443 352 1537; x_wconf 82' lang='lat' dir='ltr'>batur,</span> <span class='ocrx_word' id='word_1_71' title='bbox 372 1440 509 1517; x_wconf 88' lang='lat' dir='ltr'>librarii</span> <span class='ocrx_word' id='word_1_72' title='bbox 536 1443 632 1516; x_wconf 92' lang='lat' dir='ltr'>hunc</span> <span class='ocrx_word' id='word_1_73' title='bbox 653 1468 823 1519; x_wconf 78' lang='lat' dir='ltr'>errorem,</span> <span class='ocrx_word' id='word_1_74' title='bbox 836 1441 1108 1536; x_wconf 79' lang='lat' dir='ltr'>existimantes,</span> <span class='ocrx_word' id='word_1_75' title='bbox 1133 1443 1292 1520; x_wconf 86' lang='lat' dir='ltr'>alterum</span> 
     </span>
     <span class='ocr_line' id='line_1_12' title="bbox 221 1551 1290 1649; baseline 0.003 -23"><span class='ocrx_word' id='word_1_76' title='bbox 221 1551 390 1627; x_wconf 88' lang='lat' dir='ltr'>omisere.</span> <span class='ocrx_word' id='word_1_77' title='bbox 406 1553 452 1625; x_wconf 89' lang='lat' dir='ltr'>Et</span> <span class='ocrx_word' id='word_1_78' title='bbox 463 1578 547 1625; x_wconf 89' lang='lat' dir='ltr'>sane</span> <span class='ocrx_word' id='word_1_79' title='bbox 559 1551 746 1626; x_wconf 82' lang='lat' dir='ltr'>lustinum</span> <span class='ocrx_word' id='word_1_80' title='bbox 756 1551 928 1625; x_wconf 90' lang='lat' dir='ltr'>huncsub</span> <span class='ocrx_word' id='word_1_81' title='bbox 937 1553 1130 1628; x_wconf 85' lang='lat' dir='ltr'>Antonino</span> <span class='ocrx_word' id='word_1_82' title='bbox 1140 1553 1290 1649; x_wconf 86' lang='lat' dir='ltr'>vixisse,</span> 
     </span>
     <span class='ocr_line' id='line_1_13' title="bbox 219 1661 1292 1763; baseline 0.003 -28"><span class='ocrx_word' id='word_1_83' title='bbox 219 1677 304 1735; x_wconf 90' lang='lat' dir='ltr'>ante</span> <span class='ocrx_word' id='word_1_84' title='bbox 322 1661 494 1736; x_wconf 85' lang='lat' dir='ltr'>saeculum</span> <span class='ocrx_word' id='word_1_85' title='bbox 510 1662 699 1762; x_wconf 90' lang='lat' dir='ltr'>Philippus</span> <span class='ocrx_word' id='word_1_86' title='bbox 709 1662 926 1763; x_wconf 84' lang='lat' dir='ltr'>Bergomas,</span> <span class='ocrx_word' id='word_1_87' title='bbox 947 1678 1012 1755; x_wconf 78' lang='lat' dir='ltr'>&#39;ac</span> <span class='ocrx_word' id='word_1_88' title='bbox 1029 1665 1138 1738; x_wconf 89' lang='lat' dir='ltr'>Joan.</span> <span class='ocrx_word' id='word_1_89' title='bbox 1159 1665 1292 1741; x_wconf 82' lang='lat' dir='ltr'>Aren-</span> 
     </span>
     <span class='ocr_line' id='line_1_14' title="bbox 218 1771 1292 1872; baseline 0.005 -26"><span class='ocrx_word' id='word_1_90' title='bbox 218 1771 526 1846; x_wconf 87' lang='lat' dir='ltr'>tinus¹tradidere</span> <span class='ocrx_word' id='word_1_91' title='bbox 542 1803 550 1843; x_wconf 72' lang='grc' dir='ltr'><strong><em>ε</em></strong></span> <span class='ocrx_word' id='word_1_92' title='bbox 567 1771 684 1845; x_wconf 90' lang='lat' dir='ltr'>immo</span> <span class='ocrx_word' id='word_1_93' title='bbox 694 1772 793 1847; x_wconf 91' lang='lat' dir='ltr'>idem</span> <span class='ocrx_word' id='word_1_94' title='bbox 798 1774 877 1872; x_wconf 87' lang='lat' dir='ltr'>jam</span> <span class='ocrx_word' id='word_1_95' title='bbox 887 1787 973 1847; x_wconf 89' lang='lat' dir='ltr'>ante</span> <span class='ocrx_word' id='word_1_96' title='bbox 983 1799 1098 1848; x_wconf 89' lang='lat' dir='ltr'>annos</span> <span class='ocrx_word' id='word_1_97' title='bbox 1108 1787 1292 1852; x_wconf 87' lang='lat' dir='ltr'>trecentos</span> 
     </span>
     <span class='ocr_line' id='line_1_15' title="bbox 219 1883 1291 1982; baseline 0.004 -25"><span class='ocrx_word' id='word_1_98' title='bbox 219 1884 259 1957; x_wconf 90' lang='lat' dir='ltr'>in</span> <span class='ocrx_word' id='word_1_99' title='bbox 276 1883 448 1958; x_wconf 88' lang='lat' dir='ltr'>chronico</span> <span class='ocrx_word' id='word_1_100' title='bbox 474 1909 540 1956; x_wconf 90' lang='lat' dir='ltr'>suo</span> <span class='ocrx_word' id='word_1_101' title='bbox 564 1908 631 1957; x_wconf 91' lang='lat' dir='ltr'>suo</span> <span class='ocrx_word' id='word_1_102' title='bbox 654 1883 796 1982; x_wconf 79' lang='lat' dir='ltr'>scripsit</span> <span class='ocrx_word' id='word_1_103' title='bbox 818 1883 1000 1958; x_wconf 90' lang='lat' dir='ltr'>Martinus</span> <span class='ocrx_word' id='word_1_104' title='bbox 1022 1883 1205 1959; x_wconf 90' lang='lat' dir='ltr'>Polonus:</span> <span class='ocrx_word' id='word_1_105' title='bbox 1225 1885 1291 1961; x_wconf 87' lang='lat' dir='ltr'>sed</span> 
     </span>
     <span class='ocr_line' id='line_1_16' title="bbox 218 1992 1291 2096; baseline 0.005 -30"><span class='ocrx_word' id='word_1_106' title='bbox 218 1994 319 2096; x_wconf 88' lang='lat' dir='ltr'>quod</span> <span class='ocrx_word' id='word_1_107' title='bbox 330 1993 428 2067; x_wconf 93' lang='lat' dir='ltr'>idem</span> <span class='ocrx_word' id='word_1_108' title='bbox 445 1992 632 2066; x_wconf 87' lang='lat' dir='ltr'>Justinum</span> <span class='ocrx_word' id='word_1_109' title='bbox 650 1993 746 2066; x_wconf 91' lang='lat' dir='ltr'>hunc</span> <span class='ocrx_word' id='word_1_110' title='bbox 761 2018 846 2065; x_wconf 92' lang='lat' dir='ltr'>cum</span> <span class='ocrx_word' id='word_1_111' title='bbox 864 1993 1009 2067; x_wconf 85' lang='lat' dir='ltr'>Justino</span> <span class='ocrx_word' id='word_1_112' title='bbox 1026 2008 1187 2096; x_wconf 80' lang='lat' dir='ltr'>martyre</span> <span class='ocrx_word' id='word_1_113' title='bbox 1204 2021 1291 2076; x_wconf 91' lang='lat' dir='ltr'>con·</span> 
     </span>
     <span class='ocr_line' id='line_1_17' title="bbox 217 2102 1289 2205; baseline 0.003 -27"><span class='ocrx_word' id='word_1_114' title='bbox 217 2105 336 2197; x_wconf 83' lang='lat' dir='ltr'>fudit,</span> <span class='ocrx_word' id='word_1_115' title='bbox 371 2102 488 2177; x_wconf 88' lang='lat' dir='ltr'>foedus</span> <span class='ocrx_word' id='word_1_116' title='bbox 520 2129 622 2176; x_wconf 90' lang='lat' dir='ltr'>error</span> <span class='ocrx_word' id='word_1_117' title='bbox 655 2117 733 2194; x_wconf 88' lang='lat' dir='ltr'>est,</span> <span class='ocrx_word' id='word_1_118' title='bbox 766 2129 882 2202; x_wconf 91' lang='lat' dir='ltr'>quum</span> <span class='ocrx_word' id='word_1_119' title='bbox 912 2103 970 2177; x_wconf 92' lang='lat' dir='ltr'>hic</span> <span class='ocrx_word' id='word_1_120' title='bbox 1000 2103 1065 2205; x_wconf 90' lang='lat' dir='ltr'>qui</span> <span class='ocrx_word' id='word_1_121' title='bbox 1099 2104 1289 2204; x_wconf 85' lang='lat' dir='ltr'>epitomen</span> 
     </span>
     <span class='ocr_line' id='line_1_18' title="bbox 217 2212 1288 2316; baseline 0 -26"><span class='ocrx_word' id='word_1_122' title='bbox 217 2214 383 2315; x_wconf 88' lang='lat' dir='ltr'>scripsit,</span> <span class='ocrx_word' id='word_1_123' title='bbox 402 2213 525 2307; x_wconf 88' lang='lat' dir='ltr'>iniis,</span> <span class='ocrx_word' id='word_1_124' title='bbox 545 2241 627 2316; x_wconf 86' lang='lat' dir='ltr'>quae</span> <span class='ocrx_word' id='word_1_125' title='bbox 640 2213 706 2286; x_wconf 88' lang='lat' dir='ltr'>lib.</span> <span class='ocrx_word' id='word_1_126' title='bbox 720 2212 887 2286; x_wconf 82' lang='lat' dir='ltr'>XXXVI</span> <span class='ocrx_word' id='word_1_127' title='bbox 899 2213 945 2286; x_wconf 93' lang='lat' dir='ltr'>de</span> <span class='ocrx_word' id='word_1_128' title='bbox 957 2213 1083 2308; x_wconf 83' lang='lat' dir='ltr'>Mose,</span> <span class='ocrx_word' id='word_1_129' title='bbox 1102 2215 1288 2315; x_wconf 85' lang='lat' dir='ltr'>Josepho,</span> 
     </span>
     <span class='ocr_line' id='line_1_19' title="bbox 216 2323 1288 2424; baseline 0.003 -24"><span class='ocrx_word' id='word_1_130' title='bbox 216 2340 254 2400; x_wconf 89' lang='lat' dir='ltr'>et</span> <span class='ocrx_word' id='word_1_131' title='bbox 266 2324 434 2400; x_wconf 83' lang='lat' dir='ltr'>Israelitis</span> <span class='ocrx_word' id='word_1_132' title='bbox 451 2323 563 2398; x_wconf 79' lang='lat' dir='ltr'>tradit</span> <span class='ocrx_word' id='word_1_133' title='bbox 572 2379 586 2417; x_wconf 90' lang='lat'>,</span> <span class='ocrx_word' id='word_1_134' title='bbox 604 2323 712 2424; x_wconf 90' lang='lat' dir='ltr'>plane</span> <span class='ocrx_word' id='word_1_135' title='bbox 732 2323 918 2423; x_wconf 90' lang='lat' dir='ltr'>scripturis</span> <span class='ocrx_word' id='word_1_136' title='bbox 935 2324 1168 2401; x_wconf 80' lang='lat' dir='ltr'>adversetur:</span> <span class='ocrx_word' id='word_1_137' title='bbox 1188 2325 1288 2403; x_wconf 84' lang='lat' dir='ltr'>uude</span> 
     </span>
     <span class='ocr_line' id='line_1_20' title="bbox 216 2433 1288 2538; baseline 0.003 -29"><span class='ocrx_word' id='word_1_138' title='bbox 216 2435 331 2537; x_wconf 90' lang='lat' dir='ltr'>liquet</span> <span class='ocrx_word' id='word_1_139' title='bbox 344 2433 452 2510; x_wconf 80' lang='lat' dir='ltr'>fixisse</span> <span class='ocrx_word' id='word_1_140' title='bbox 471 2435 646 2538; x_wconf 83' lang='lat' dir='ltr'>gentilem</span> <span class='ocrx_word' id='word_1_141' title='bbox 663 2448 886 2535; x_wconf 86' lang='lat' dir='ltr'>:aperteque</span> <span class='ocrx_word' id='word_1_142' title='bbox 903 2434 1078 2509; x_wconf 89' lang='lat' dir='ltr'>intereos</span> <span class='ocrx_word' id='word_1_143' title='bbox 1089 2435 1136 2510; x_wconf 89' lang='lat' dir='ltr'>ab</span> <span class='ocrx_word' id='word_1_144' title='bbox 1151 2435 1288 2513; x_wconf 87' lang='lat' dir='ltr'>Orosio</span> 
     </span>
     <span class='ocr_line' id='line_1_21' title="bbox 218 2543 1289 2651; baseline 0.003 -32"><span class='ocrx_word' id='word_1_145' title='bbox 218 2560 434 2619; x_wconf 90' lang='lat' dir='ltr'>numeratur</span> <span class='ocrx_word' id='word_1_146' title='bbox 447 2574 456 2617; x_wconf 76' lang='lat' dir='ltr'><strong><em>z</em></strong></span> <span class='ocrx_word' id='word_1_147' title='bbox 471 2560 513 2618; x_wconf 92' lang='lat' dir='ltr'>ut</span> <span class='ocrx_word' id='word_1_148' title='bbox 522 2545 568 2617; x_wconf 93' lang='lat' dir='ltr'>de</span> <span class='ocrx_word' id='word_1_149' title='bbox 582 2571 627 2618; x_wconf 92' lang='lat' dir='ltr'>eo</span> <span class='ocrx_word' id='word_1_150' title='bbox 640 2543 732 2616; x_wconf 93' lang='lat' dir='ltr'>nihil</span> <span class='ocrx_word' id='word_1_151' title='bbox 743 2543 881 2638; x_wconf 88' lang='lat' dir='ltr'>dicam,</span> <span class='ocrx_word' id='word_1_152' title='bbox 893 2545 993 2646; x_wconf 84' lang='lat' dir='ltr'>quod</span> <span class='ocrx_word' id='word_1_153' title='bbox 1003 2545 1129 2620; x_wconf 81' lang='lat' dir='ltr'>beatus</span> <span class='ocrx_word' id='word_1_154' title='bbox 1140 2547 1289 2651; x_wconf 80' lang='lat' dir='ltr'>Martyr</span> 
     </span>
     <span class='ocr_line' id='line_1_22' title="bbox 215 2653 1284 2758; baseline 0.004 -28"><span class='ocrx_word' id='word_1_155' title='bbox 215 2656 308 2730; x_wconf 88' lang='lat' dir='ltr'>nihil</span> <span class='ocrx_word' id='word_1_156' title='bbox 323 2655 453 2728; x_wconf 89' lang='lat' dir='ltr'>Latine</span> <span class='ocrx_word' id='word_1_157' title='bbox 476 2655 656 2753; x_wconf 87' lang='lat' dir='ltr'>scripsisse</span> <span class='ocrx_word' id='word_1_158' title='bbox 674 2653 843 2729; x_wconf 83' lang='lat' dir='ltr'>videtur:</span> <span class='ocrx_word' id='word_1_159' title='bbox 863 2655 954 2729; x_wconf 88' lang='lat' dir='ltr'>item</span> <span class='ocrx_word' id='word_1_160' title='bbox 968 2657 1069 2758; x_wconf 83' lang='lat' dir='ltr'>quod</span> <span class='ocrx_word' id='word_1_161' title='bbox 1085 2658 1284 2756; x_wconf 86' lang='lat' dir='ltr'>Eusebius,</span> 
     </span>
     <span class='ocr_line' id='line_1_23' title="bbox 215 2763 1287 2869; baseline 0.005 -28"><span class='ocrx_word' id='word_1_162' title='bbox 215 2766 490 2868; x_wconf 90' lang='lat' dir='ltr'>Hieronymus,</span> <span class='ocrx_word' id='word_1_163' title='bbox 508 2763 660 2838; x_wconf 87' lang='lat' dir='ltr'>Photius</span> <span class='ocrx_word' id='word_1_164' title='bbox 677 2790 856 2866; x_wconf 85' lang='lat' dir='ltr'>nusquam</span> <span class='ocrx_word' id='word_1_165' title='bbox 873 2767 967 2841; x_wconf 85' lang='lat' dir='ltr'>hauc</span> <span class='ocrx_word' id='word_1_166' title='bbox 983 2765 1170 2869; x_wconf 87' lang='lat' dir='ltr'>epitomen</span> <span class='ocrx_word' id='word_1_167' title='bbox 1186 2768 1287 2846; x_wconf 89' lang='lat' dir='ltr'>iuter</span> 
     </span>
     <span class='ocr_line' id='line_1_24' title="bbox 215 2872 1286 2980; baseline 0 -27"><span class='ocrx_word' id='word_1_168' title='bbox 215 2877 390 2979; x_wconf 87' lang='lat' dir='ltr'>Martyris</span> <span class='ocrx_word' id='word_1_169' title='bbox 406 2875 502 2949; x_wconf 90' lang='lat' dir='ltr'>illius</span> <span class='ocrx_word' id='word_1_170' title='bbox 515 2874 648 2973; x_wconf 87' lang='lat' dir='ltr'>scripta</span> <span class='ocrx_word' id='word_1_171' title='bbox 659 2872 857 2974; x_wconf 86' lang='lat' dir='ltr'>reponunt.</span> <span class='ocrx_word' id='word_1_172' title='bbox 874 2874 954 2955; x_wconf 88' lang='lat' dir='ltr'>Nec</span> <span class='ocrx_word' id='word_1_173' title='bbox 966 2889 1091 2950; x_wconf 83' lang='lat' dir='ltr'>tamen</span> <span class='ocrx_word' id='word_1_174' title='bbox 1103 2905 1145 2952; x_wconf 84' lang='lat' dir='ltr'>ea</span> <span class='ocrx_word' id='word_1_175' title='bbox 1157 2877 1286 2980; x_wconf 78' lang='lat' dir='ltr'>ignota</span> 
     </span>
     <span class='ocr_line' id='line_1_25' title="bbox 213 2983 1284 3088; baseline -0.001 -24"><span class='ocrx_word' id='word_1_176' title='bbox 213 2988 287 3065; x_wconf 83' lang='lat' dir='ltr'>suit</span> <span class='ocrx_word' id='word_1_177' title='bbox 302 2991 346 3062; x_wconf 91' lang='grc' dir='ltr'>Β.</span> <span class='ocrx_word' id='word_1_178' title='bbox 366 2987 620 3088; x_wconf 84' lang='lat' dir='ltr'>Hieronymo,</span> <span class='ocrx_word' id='word_1_179' title='bbox 637 2985 702 3087; x_wconf 91' lang='lat' dir='ltr'>qui</span> <span class='ocrx_word' id='word_1_180' title='bbox 729 2983 825 3059; x_wconf 90' lang='lat' dir='ltr'>illius</span> <span class='ocrx_word' id='word_1_181' title='bbox 844 2984 1015 3059; x_wconf 87' lang='lat' dir='ltr'>meminit</span> <span class='ocrx_word' id='word_1_182' title='bbox 1034 2988 1217 3086; x_wconf 79' lang='lat' dir='ltr'>prooemio</span> <span class='ocrx_word' id='word_1_183' title='bbox 1241 2987 1284 3063; x_wconf 85' lang='lat' dir='ltr'>in</span> 
     </span>
     <span class='ocr_line' id='line_1_26' title="bbox 214 3094 1285 3199; baseline -0.003 -24"><span class='ocrx_word' id='word_1_184' title='bbox 214 3098 406 3176; x_wconf 90' lang='lat' dir='ltr'>Danielem</span> <span class='ocrx_word' id='word_1_185' title='bbox 426 3128 435 3169; x_wconf 90' lang='lat'><strong>:</strong></span> <span class='ocrx_word' id='word_1_186' title='bbox 454 3096 509 3170; x_wconf 90' lang='lat' dir='ltr'>uti</span> <span class='ocrx_word' id='word_1_187' title='bbox 533 3122 679 3198; x_wconf 85' lang='lat' dir='ltr'>quoque</span> <span class='ocrx_word' id='word_1_188' title='bbox 703 3094 930 3199; x_wconf 81' lang='lat' dir='ltr'>Arrgrrstinus</span> <span class='ocrx_word' id='word_1_189' title='bbox 952 3095 1037 3170; x_wconf 83' lang='lat' dir='ltr'>lacit</span> <span class='ocrx_word' id='word_1_190' title='bbox 1053 3095 1148 3171; x_wconf 88' lang='lat' dir='ltr'>libro</span> <span class='ocrx_word' id='word_1_191' title='bbox 1164 3097 1218 3172; x_wconf 89' lang='lat' dir='ltr'>lv</span> <span class='ocrx_word' id='word_1_192' title='bbox 1234 3097 1285 3180; x_wconf 72' lang='lat' dir='ltr'>d·</span> 
     </span>
     <span class='ocr_line' id='line_1_27' title="bbox 214 3205 1282 3309; baseline 0.001 -26"><span class='ocrx_word' id='word_1_193' title='bbox 214 3209 370 3285; x_wconf 80' lang='lat' dir='ltr'>Civitate</span> <span class='ocrx_word' id='word_1_194' title='bbox 393 3206 486 3300; x_wconf 89' lang='lat' dir='ltr'>Dei,</span> <span class='ocrx_word' id='word_1_195' title='bbox 509 3206 626 3306; x_wconf 86' lang='lat' dir='ltr'>capite</span> <span class='ocrx_word' id='word_1_196' title='bbox 651 3207 677 3280; x_wconf 85' lang='lat'><strong>6</strong></span> <span class='ocrx_word' id='word_1_197' title='bbox 683 3237 695 3298; x_wconf 80' lang='lat'><em>3</em></span> <span class='ocrx_word' id='word_1_198' title='bbox 725 3221 764 3281; x_wconf 88' lang='lat' dir='ltr'>et</span> <span class='ocrx_word' id='word_1_199' title='bbox 792 3205 944 3280; x_wconf 86' lang='lat' dir='ltr'>Orosius</span> <span class='ocrx_word' id='word_1_200' title='bbox 963 3205 1029 3281; x_wconf 88' lang='lat' dir='ltr'>lib.</span> <span class='ocrx_word' id='word_1_201' title='bbox 1051 3209 1068 3281; x_wconf 97' lang='lat' dir='ltr'>l</span> <span class='ocrx_word' id='word_1_202' title='bbox 1080 3262 1094 3301; x_wconf 94' lang='lat'>,</span> <span class='ocrx_word' id='word_1_203' title='bbox 1120 3209 1282 3309; x_wconf 83' lang='lat' dir='ltr'>capite8</span> 
     </span>
     <span class='ocr_line' id='line_1_28' title="bbox 213 3315 1282 3421; baseline -0.001 -27"><span class='ocrx_word' id='word_1_204' title='bbox 213 3333 254 3395; x_wconf 88' lang='lat' dir='ltr'>et</span> <span class='ocrx_word' id='word_1_205' title='bbox 275 3345 317 3392; x_wconf 87' lang='lat' dir='ltr'>ro</span> <span class='ocrx_word' id='word_1_206' title='bbox 327 3350 339 3411; x_wconf 89' lang='lat'>;</span> <span class='ocrx_word' id='word_1_207' title='bbox 359 3320 423 3421; x_wconf 90' lang='lat' dir='ltr'>qui</span> <span class='ocrx_word' id='word_1_208' title='bbox 446 3333 483 3393; x_wconf 91' lang='lat' dir='ltr'>et</span> <span class='ocrx_word' id='word_1_209' title='bbox 508 3317 695 3391; x_wconf 88' lang='lat' dir='ltr'>Justinum</span> <span class='ocrx_word' id='word_1_210' title='bbox 712 3315 845 3416; x_wconf 86' lang='lat' dir='ltr'>passim</span> <span class='ocrx_word' id='word_1_211' title='bbox 873 3315 1054 3392; x_wconf 87' lang='lat' dir='ltr'>exscribit.</span> <span class='ocrx_word' id='word_1_212' title='bbox 1084 3319 1172 3393; x_wconf 87' lang='lat' dir='ltr'>Post</span> <span class='ocrx_word' id='word_1_213' title='bbox 1187 3345 1282 3421; x_wconf 80' lang='lat' dir='ltr'>quos</span> 
     </span>
     <span class='ocr_line' id='line_1_29' title="bbox 213 3426 1321 3531; baseline -0.002 -24"><span class='ocrx_word' id='word_1_214' title='bbox 213 3430 377 3531; x_wconf 86' lang='lat' dir='ltr'>ejusdem</span> <span class='ocrx_word' id='word_1_215' title='bbox 396 3428 622 3503; x_wconf 88' lang='lat' dir='ltr'>mentionem</span> <span class='ocrx_word' id='word_1_216' title='bbox 639 3428 774 3520; x_wconf 87' lang='lat' dir='ltr'>fecere,</span> <span class='ocrx_word' id='word_1_217' title='bbox 792 3426 980 3521; x_wconf 82' lang='lat' dir='ltr'>laodorus,</span> <span class='ocrx_word' id='word_1_218' title='bbox 998 3429 1223 3524; x_wconf 83' lang='lat' dir='ltr'>Jormndes,</span> <span class='ocrx_word' id='word_1_219' title='bbox 1241 3446 1281 3507; x_wconf 86' lang='lat' dir='ltr'>et</span> <span class='ocrx_word' id='word_1_220' title='bbox 1316 3483 1321 3487; x_wconf 91' lang='lat'><em>-</em></span> 
     </span>
     <span class='ocr_line' id='line_1_30' title="bbox 211 3535 1281 3642; baseline 0.001 -26"><span class='ocrx_word' id='word_1_221' title='bbox 211 3539 416 3616; x_wconf 70' lang='lat' dir='ltr'>aliiAEtiam</span> <span class='ocrx_word' id='word_1_222' title='bbox 427 3541 658 3642; x_wconf 80' lang='lat' dir='ltr'>quseLupus,</span> <span class='ocrx_word' id='word_1_223' title='bbox 668 3535 905 3613; x_wconf 83' lang='lat' dir='ltr'>Ferrariensis</span> <span class='ocrx_word' id='word_1_224' title='bbox 915 3538 1038 3631; x_wconf 83' lang='lat' dir='ltr'>abbas,</span> <span class='ocrx_word' id='word_1_225' title='bbox 1048 3538 1162 3637; x_wconf 83' lang='lat' dir='ltr'>Epist.</span> <span class='ocrx_word' id='word_1_226' title='bbox 1175 3540 1281 3617; x_wconf 74' lang='lat' dir='ltr'>nond</span> 
     </span>
     <span class='ocr_line' id='line_1_31' title="bbox 213 3647 1281 3752; baseline -0.003 -24"><span class='ocrx_word' id='word_1_227' title='bbox 213 3651 410 3729; x_wconf 72' lang='lat' dir='ltr'>altuinum</span> <span class='ocrx_word' id='word_1_228' title='bbox 429 3678 474 3724; x_wconf 82' lang='lat' dir='ltr'>ex</span> <span class='ocrx_word' id='word_1_229' title='bbox 487 3651 612 3752; x_wconf 80' lang='lat' dir='ltr'>Trogo</span> <span class='ocrx_word' id='word_1_230' title='bbox 627 3648 805 3748; x_wconf 88' lang='lat' dir='ltr'>Pompeio</span> <span class='ocrx_word' id='word_1_231' title='bbox 822 3648 910 3722; x_wconf 83' lang='lat' dir='ltr'>citat</span> <span class='ocrx_word' id='word_1_232' title='bbox 925 3649 972 3722; x_wconf 92' lang='lat' dir='ltr'>de</span> <span class='ocrx_word' id='word_1_233' title='bbox 984 3647 1028 3722; x_wconf 89' lang='lat' dir='ltr'>iis</span> <span class='ocrx_word' id='word_1_234' title='bbox 1044 3647 1107 3750; x_wconf 85' lang='lat' dir='ltr'>qui</span> <span class='ocrx_word' id='word_1_235' title='bbox 1125 3648 1281 3725; x_wconf 85' lang='lat' dir='ltr'>Mithri·</span> 
     </span>
     <span class='ocr_line' id='line_1_32' title="bbox 213 3758 1279 3860; baseline -0.005 -23"><span class='ocrx_word' id='word_1_236' title='bbox 213 3763 306 3837; x_wconf 86' lang='lat' dir='ltr'>datis</span> <span class='ocrx_word' id='word_1_237' title='bbox 334 3761 582 3836; x_wconf 86' lang='lat' dir='ltr'>excellentiam</span> <span class='ocrx_word' id='word_1_238' title='bbox 609 3759 861 3860; x_wconf 88' lang='lat' dir='ltr'>portenderint</span> <span class='ocrx_word' id='word_1_239' title='bbox 882 3759 979 3859; x_wconf 87' lang='lat' dir='ltr'>apud</span> <span class='ocrx_word' id='word_1_240' title='bbox 999 3758 1212 3855; x_wconf 79' lang='lat' dir='ltr'>tustinum,</span> <span class='ocrx_word' id='word_1_241' title='bbox 1230 3758 1279 3839; x_wconf 79' lang='lat' dir='ltr'>ad</span> 
     </span>
     <span class='ocr_line' id='line_1_33' title="bbox 212 3858 1279 3972; baseline -0.003 -20"><span class='ocrx_word' id='word_1_242' title='bbox 212 3858 368 3952; x_wconf 58' lang='lat' dir='ltr'>terbum</span> <span class='ocrx_word' id='word_1_243' title='bbox 394 3901 439 3950; x_wconf 56' lang='grc' dir='ltr'>ει</span> <span class='ocrx_word' id='word_1_244' title='bbox 461 3871 595 3947; x_wconf 66' lang='lat' dir='ltr'>suan</span> <span class='ocrx_word' id='word_1_245' title='bbox 624 3869 688 3944; x_wconf 75' lang='lat' dir='ltr'>ab.</span> <span class='ocrx_word' id='word_1_246' title='bbox 708 3870 887 3945; x_wconf 79' lang='lat' dir='ltr'>xxxvi.</span> <span class='ocrx_word' id='word_1_247' title='bbox 916 3869 986 3944; x_wconf 72' lang='lat' dir='ltr'>sea</span> <span class='ocrx_word' id='word_1_248' title='bbox 1007 3870 1106 3971; x_wconf 67' lang='lat' dir='ltr'>apua</span> <span class='ocrx_word' id='word_1_249' title='bbox 1126 3872 1279 3972; x_wconf 81' lang='lat' dir='ltr'>Lupum</span> 
     </span>
    </p>
   </div>
   <div class='ocr_carea' id='block_1_3' title="bbox 211 4042 1278 4201">
    <p class='ocr_par' dir='ltr' id='par_1_3' title="bbox 211 4042 1278 4201">
     <span class='ocr_line' id='line_1_34' title="bbox 251 4042 1278 4126; baseline -0.004 -22"><span class='ocrx_word' id='word_1_250' title='bbox 251 4061 259 4087; x_wconf 90' lang='lat'><strong>¹</strong></span> <span class='ocrx_word' id='word_1_251' title='bbox 273 4050 365 4126; x_wconf 79' lang='lat' dir='ltr'>Suppl.</span> <span class='ocrx_word' id='word_1_252' title='bbox 379 4052 407 4106; x_wconf 87' lang='lat' dir='ltr'>in</span> <span class='ocrx_word' id='word_1_253' title='bbox 420 4047 586 4123; x_wconf 68' lang='lat' dir='ltr'>temporibus</span> <span class='ocrx_word' id='word_1_254' title='bbox 597 4045 724 4103; x_wconf 75' lang='lat' dir='ltr'>Antonini</span> <span class='ocrx_word' id='word_1_255' title='bbox 801 4042 1278 4120; x_wconf 71' lang='lat' dir='ltr'>’lniisqundescriptotibntprim</span> 
     </span>
     <span class='ocr_line' id='line_1_35' title="bbox 211 4124 1117 4201; baseline -0.015 -12"><span class='ocrx_word' id='word_1_256' title='bbox 211 4129 329 4201; x_wconf 56' lang='lat' dir='ltr'>ttulit.</span> <span class='ocrx_word' id='word_1_257' title='bbox 343 4129 428 4189; x_wconf 82' lang='lat' dir='ltr'>vm.</span> <span class='ocrx_word' id='word_1_258' title='bbox 446 4146 493 4185; x_wconf 85' lang='lat' dir='ltr'>nn.</span> <span class='ocrx_word' id='word_1_259' title='bbox 765 4125 897 4181; x_wconf 75' lang='lat' dir='ltr'>annalium</span> <span class='ocrx_word' id='word_1_260' title='bbox 907 4124 1051 4198; x_wconf 71' lang='lat' dir='ltr'>pemittit.</span> <span class='ocrx_word' id='word_1_261' title='bbox 1071 4140 1117 4182; x_wconf 84' lang='lat' dir='ltr'>nn.</span> 
     </span>
    </p>
   </div>
   <div class='ocr_carea' id='block_1_4' title="bbox 0 0 1340 4824">
    <p class='ocr_par' dir='ltr' id='par_1_4' title="bbox 0 0 1340 4824">
     <span class='ocr_line' id='line_1_36' title="bbox 0 0 1340 4824; baseline 0 4"><span class='ocrx_word' id='word_1_262' title='bbox 0 0 1340 4824; x_wconf 95' lang='lat' dir='ltr'> </span> 
     </span>
    </p>
   </div>
  </div>
 </body>
</html>
