2670 4824
440 328 734 407 enmono.
1088 356 1124 402 xi

52 477 344 596 Battlrddemy5
357 498 462 587 quus
475 473 644 586 quidem
663 494 755 590 pust
773 504 816 561 ee
837 473 994 560 laudari
1010 539 1022 581 ,
1041 507 1125 561 nun

54 615 368 735 pmolerissime
381 616 558 725 antiquus
577 613 753 701 Graeciee
768 613 948 698 ltaliaeve
967 616 1128 728 ingenia

53 752 363 853 succensebunt.
378 752 446 855 Ab
461 753 511 843 iis
526 771 664 837 eutem
678 754 890 865 uotisquae
905 753 1128 841 inWetze-

55 896 167 993 liano
180 890 609 995 Codiceiuvenimus,
623 910 670 976 ut
684 920 807 1004 super
821 887 969 975 additae
983 920 1129 978 omnes

55 1032 421 1147 distinguerentur,
440 1030 521 1115 hoc
543 1031 659 1142 signo
680 1060 746 1113 ro.
767 1030 830 1113 usi
850 1030 1026 1136 sturnus,
1044 1062 1128 1144 quo

57 1169 278 1274 indicatur,
295 1186 412 1263 notae
426 1195 591 1269 omnes,
608 1168 758 1279 quibus
773 1166 875 1251 illud
889 1170 1048 1275 subest,
1060 1190 1129 1254 eut

59 1311 236 1421 integros
253 1306 307 1397 eb
325 1303 481 1391 editore
500 1334 549 1389 ex
571 1305 797 1393 Veriorum
820 1312 1130 1394 commentariis

59 1446 251 1545 collectus
274 1444 419 1548 fuisse,
445 1463 514 1526 ent
535 1466 665 1556 quum
686 1448 728 1529 in
747 1445 894 1533 iisdem
913 1479 1131 1541 commen·

60 1585 174 1679 tariis
188 1584 429 1698 prolixiores
443 1602 597 1690 essent,
617 1586 898 1691 concinnatus,
915 1607 985 1671 eut
998 1620 1021 1672 e
1036 1618 1131 1703 pros

60 1726 154 1842 prio
175 1723 289 1817 fonto
306 1720 556 1838 depromes.
577 1722 786 1836 Tempora
805 1725 931 1808 etiam
951 1723 1004 1809 ud
1017 1756 1132 1809 mer·

61 1864 203 1976 ginem
242 1859 492 1953 Wetrelieui
524 1857 694 1947 Codicis
734 1860 937 1979 adscripta
962 1878 1134 1981 ¹propter

62 2000 182 2114 hujus
208 1998 400 2094 editionis
422 1997 774 2114 pulchritudinem
794 2003 837 2084 in
863 2004 971 2089 notis
989 2001 1133 2117 rejeci-

63 2169 158 2223 mus
174 2172 185 2222 t
202 2140 259 2222 ita
272 2159 338 2245 ut,
354 2168 445 2251 quae
463 2140 506 2221 in
521 2137 676 2230 Codice
690 2138 951 2225 Wetzelieno
967 2143 1133 2256 epochae

63 2311 111 2365 ex
129 2281 316 2392 margine
331 2276 384 2371 ed
398 2279 532 2369 varios
545 2276 697 2363 Justini
717 2280 989 2392 peregrephos
1009 2278 1135 2390 respi-

63 2421 200 2523 ciunt,
218 2418 263 2513 in
280 2415 458 2511 editione
478 2435 617 2501 nostra
635 2416 742 2499 notis
759 2415 814 2498 ed
831 2414 999 2535 eosdem
1019 2444 1135 2529 pure·

63 2557 246 2671 graphoe,
257 2554 565 2670 respicientibus
584 2553 890 2639 submittantur.

120 2694 249 2806 Quot
267 2694 322 2785 ed
351 2697 596 2809 scripturum
624 2695 823 2808 pertinet,
851 2722 901 2777 ex
926 2695 1073 2779 usitate
1091 2695 1133 2779 iu

66 2834 365 2948 probatissimis
385 2831 610 2929 codicibus
630 2829 834 2919 scribendi
851 2834 1009 2917 retione
1021 2830 1136 2915 dedi·

67 3003 161 3071 mut
181 2973 362 3087 paullo,
383 3000 532 3065 caussa
541 3034 555 3078 ,
584 2974 803 3076 saecuwm,
833 2972 1028 3083 pralium
1054 3005 1065 3055 .·
1087 3001 1135 3054 ex

67 3111 253 3225 anologio
268 3128 462 3226 sequutus
468 3172 481 3219 ,
504 3114 697 3227 loquutus
704 3168 717 3217 ,
740 3140 868 3225 qutun
884 3144 896 3194 .·
915 3142 965 3195 ex
983 3131 1136 3220 etymo

68 3250 363 3363 logieuoelum,
389 3253 533 3363 hyems
543 3312 557 3357 ,
589 3278 754 3356 mmor,
779 3249 895 3354 litus,
918 3252 1134 3361 lacryma,

68 3389 271 3496 solicitus,
293 3389 450 3494 eoeten',
473 3389 677 3501 irpurimiS,
704 3388 893 3493 solenne,
916 3405 1134 3498 trupaeum,

67 3529 331 3635 convicium„
346 3528 591 3639 adparatus,
621 3527 838 3632 exsilium,
868 3540 1134 3637 exspectare,

67 3669 252 3777 adferre,
273 3687 441 3755 exstare
451 3730 464 3775 ,
491 3687 531 3750 et
557 3665 738 3781 ejusdem
765 3663 881 3747 modi
907 3683 1063 3748 caetere.
1087 3659 1137 3745 In

69 3807 272 3925 corruptis
295 3804 484 3923 pluribus
509 3804 748 3889 nominibus
775 3804 953 3921 propriis
979 3821 1138 3915 etymo·

67 3945 221 4058 logium
236 3941 431 4051 Graecam
445 3945 604 4056 sequuti
620 3973 781 4050 sumus,
795 3939 973 4055 exempli
988 3942 1136 4052 gretia,

76 4082 297 4197 Uomyrrk
339 4111 389 4167 ex
427 4080 639 4167 Herodoto
671 4090 864 4188 (repom),
897 4108 1028 4195 quum
1066 4081 1135 4166 elii
1229 4074 1232 4078 ’
