2670 4824
121 362 503 402 mmmmm

226 581 602 703 LECTORI
643 580 1107 700 BENEVOLO

600 858 629 914 S.
645 859 675 912 P.
695 858 729 911 D.

279 1071 542 1155 NICOLAUS
565 1069 781 1138 ELIGIUS
804 1070 1048 1139 LEMAIRE

131 1448 283 1594 Quum
290 1496 377 1561 tam
390 1477 512 1560 multi
526 1478 790 1564 eruditissimi
805 1479 883 1563 viri
896 1481 938 1561 in
952 1479 1029 1563 hac
1041 1478 1196 1564 edenda

128 1617 284 1701 Justini
313 1619 493 1732 epitome
525 1616 688 1702 felicem
723 1646 892 1732 operam
921 1617 1196 1725 contulerint,

130 1786 305 1869 nempe,
331 1776 378 1839 ut
400 1756 454 1838 ab
481 1786 528 1839 ea
551 1785 644 1869 qute
663 1757 834 1841 omnino
858 1754 1043 1868 Trogum
1063 1755 1197 1840 Pom-

128 1895 272 2009 peium
291 1873 520 1978 aboleverat
536 1913 755 2000 vetustate,
780 1895 925 1979 saltem
943 1895 1197 1995 abbreviato-

128 2063 221 2115 rem
249 2034 455 2146 integrnm
482 2053 523 2116 et
553 2035 753 2117 intactum
774 2030 1048 2141 vindicarent,
1076 2030 1197 2117 nohis

127 2201 240 2255 nunc
258 2173 434 2255 minime
455 2173 618 2256 animus
636 2172 734 2277 fuit,
754 2190 801 2254 ut
824 2170 992 2254 illorum
1008 2172 1196 2255 virorum

127 2309 313 2393 laborem
338 2310 544 2415 aemulari,
573 2328 712 2393 tenues
737 2309 917 2421 grandia
928 2368 940 2412 ,
968 2309 1195 2422 suscipere·

127 2478 223 2532 mus
240 2467 430 2531 :atcerte
445 2468 628 2531 mentem
645 2447 770 2531 subiit
787 2447 1004 2549 haesitatio,
1024 2474 1106 2556 quo
1121 2475 1194 2560 po-

126 2588 337 2670 tissimum
363 2586 466 2671 duce
485 2607 525 2672 et
544 2588 729 2701 auspice,
752 2589 794 2671 in
821 2587 953 2669 aleam
977 2584 1195 2671 descende·

126 2758 288 2837 remus,
299 2749 339 2813 et
352 2730 542 2842 quisnam
553 2728 672 2811 nohis
685 2728 799 2839 quasi
811 2724 962 2809 laboris
977 2727 1195 2808 materiam

126 2865 428 2981 suppeditaret,
447 2886 675 2978 nostraeque
692 2864 911 2978 diligentiae
936 2863 1194 2971 subveniret,

127 3005 256 3088 simul
275 3003 425 3116 grande
446 3003 685 3118 praesidium
703 3025 743 3088 et
761 3003 898 3088 decus.
916 2988 919 2995 ¹

183 3142 315 3227 Nobis
330 3145 452 3255 igitur
463 3141 742 3227 dubitantibus
754 3141 1193 3255 circumspicientibus·

127 3312 230 3394 que,
250 3312 381 3394 quum
406 3280 591 3366 adessent
614 3301 674 3365 tot
697 3284 776 3367 viri
802 3285 966 3398 optime·
984 3281 1122 3364 meriti
1141 3279 1193 3364 de

61 3493 64 3502 .
127 3418 313 3524 Justino,
333 3420 523 3533 inprimis
542 3421 807 3534 Bongarsius,
823 3422 884 3505 Μ.
901 3422 1193 3527 Berneccerus,

129 3552 1192 3671 Graevius,Schefferus,duoqueGronorii,instructi

130 3697 276 3765 omnes
291 3684 407 3766 omni
418 3681 700 3783 doctrinarum
714 3687 1016 3800 suppellectile,
1030 3713 1115 3798 prae
1127 3684 1193 3767 his

128 3820 273 3909 tameo
285 3821 493 3935 eligendus
511 3824 590 3908 fuit
603 3826 906 3909 recentissimus
919 3821 1108 3927 Wetzel,
1122 3822 1193 3933 qui

127 3982 370 4077 temporum
383 3964 573 4049 felicitate
589 3995 705 4071 usus,
721 3985 933 4080 acceptam
947 3994 970 4045 a
987 3962 1195 4077 prioribus

128 4105 352 4191 materiam
374 4105 539 4192 meliori
564 4103 707 4191 ordine
734 4103 930 4218 digessit,
951 4119 993 4184 et
1018 4098 1196 4215 propriis
