2670 4824
209 374 228 413 α
559 342 932 408 PROLEGOMENA

199 476 201 483 ’
251 462 428 539 Veterum,
445 456 488 522 de
504 458 608 546 Trogi
623 456 689 521 fide
704 457 881 540 historica,
897 459 1084 525 testimonia
1097 459 1179 550 legis
1194 462 1281 526 infra

206 590 256 632 nr.
269 565 289 629 6
302 578 335 628 et
348 586 397 626 12.
412 561 494 642 Quae
505 561 610 648 qualis
623 560 664 623 sit
674 608 683 640 ,
693 582 734 624 ex
746 560 964 649 epitomatore
974 584 1108 650 quoque
1123 566 1282 654 cognosci

206 683 331 760 potest,
347 665 470 754 quippe
487 663 545 751 qui
557 661 755 752 pedisequus
770 660 890 727 ducem
902 686 1001 728 suum
1016 665 1058 729 sit
1070 682 1241 753 sequutus.

251 771 325 860 lpse
344 765 498 855 quidem,
512 788 617 853 quum
637 788 656 830 e
674 765 866 829 Grecomm
882 765 1031 831 fontibus
1045 789 1104 831 sua
1117 767 1281 850 hauserit,

125 856 131 867 ’
207 896 274 936 non
293 870 393 959 magis
406 866 504 932 fidem
519 866 718 950 merebitur,
732 889 831 956 quam
843 867 903 932 illi.
917 866 1024 934 Graeci
1036 884 1165 952 autem,
1179 893 1282 957 qnam

207 976 290 1041 certi
305 974 387 1054 sint,
404 972 471 1036 sive
487 971 617 1060 potius,
634 992 733 1058 quarn
749 971 869 1034 incerti
892 972 1042 1035 omnium
1058 971 1203 1038 Orientis
1219 996 1282 1063 po·

207 1078 382 1167 pulcrum,
408 1072 552 1162 indeque
581 1073 680 1137 simul
704 1071 958 1162 AEgyptiorum,
984 1073 1203 1162 Scytharum,
1228 1076 1283 1140 rel

207 1204 294 1245 unns
308 1179 394 1243 liber
405 1177 564 1258 XXXVI,
579 1199 650 1265 cap.
667 1174 742 1256 2·3,
756 1191 790 1239 te
806 1172 922 1256 docet,
938 1176 973 1239 in
990 1198 1057 1263 qno
1073 1199 1179 1265 pauca
1194 1178 1282 1243 reie-

207 1298 329 1346 runtur
340 1278 380 1345 de
393 1280 409 1343 J
413 1277 531 1361 udaeis3
544 1276 586 1342 de
601 1277 739 1365 quibus,
753 1292 826 1341 tum
837 1278 903 1358 jam
916 1300 976 1366 per
987 1295 1151 1344 terrarum
1162 1280 1283 1347 orbem

205 1383 381 1473 dispersis,
402 1404 506 1469 quum
530 1381 672 1445 certiora
694 1378 821 1443 facilius
843 1379 998 1469 cognosci
1014 1398 1163 1470 possent,
1180 1405 1283 1470 qnam

209 1508 282 1573 quae
298 1485 354 1548 hic
370 1505 450 1572 vaga
466 1498 499 1547 et
515 1481 593 1546 falsa
608 1481 764 1570 leguntur
782 1504 790 1545 :
805 1479 882 1546 inde
902 1482 1066 1563 conjicere
1081 1486 1283 1573 poterimus,

209 1610 278 1652 non
301 1587 443 1652 certiora
464 1583 681 1674 exspectanda
700 1605 768 1648 esse
792 1582 834 1648 de
849 1584 975 1649 ceteris
989 1584 1133 1652 Orientis
1149 1588 1283 1678 populis

208 1689 467 1778 antiquissimis,
495 1710 640 1776 quorum
666 1687 760 1775 origo
785 1701 819 1751 et
842 1686 979 1751 historia
1001 1687 1284 1777 longe-crassiore

198 1793 368 1881 ‚caligine,
384 1792 437 1857 vel
451 1793 599 1881 ipsorum
614 1788 839 1854 sacerdotibus
851 1804 934 1853 esset
947 1789 1106 1855 involuta.
1121 1791 1284 1859 Sacerdo-

210 1911 281 1960 tum
295 1895 384 1961 enim
397 1893 486 1984 apud
498 1916 613 1958 omnes
625 1893 703 1956 istos
715 1891 858 1981 populos
871 1915 975 1980 quum
989 1915 1075 1959 unus
1087 1885 1283 1980 esset'ordo,

210 2019 311 2088 penes
336 2020 435 2086 quem
457 2012 564 2061 essent
584 1996 706 2076 literae,
729 1995 771 2059 ab
795 1995 847 2059 his
871 1995 948 2060 solis
972 1995 1106 2063 edoceri
1129 2015 1284 2087 poterant

210 2100 328 2189 populi
352 2099 523 2164 historiam
548 2098 741 2163 Graecorum
764 2098 1036 2187 peregrinatores.
1063 2101 1121 2165 isti
1149 2117 1284 2187 autem,

212 2225 311 2290 quam
324 2202 428 2267 multa
439 2203 630 2291 ignorarent
641 2201 719 2290 ipsi,
731 2222 863 2265 necesse
876 2204 961 2266 erat!
975 2224 1075 2289 quam
1089 2202 1194 2268 multa
1204 2227 1285 2295 pro-

212 2307 365 2371 fanorum
381 2306 517 2371 auribus
533 2304 740 2370 committere
756 2303 997 2371 abhorrebant!

256 2410 296 2474 ln
313 2410 506 2475 Graecorum
521 2408 670 2497 ipsorum
684 2406 840 2488 historia,
852 2407 888 2471 in
900 2429 964 2494 qua
980 2407 1078 2497 longe
1094 2409 1198 2491 major
1210 2432 1286 2499 pam

212 2513 322 2601 operis
336 2528 500 2593 versatur,
521 2534 586 2599 qua
601 2508 666 2574 fide
682 2510 788 2574 Groeci
804 2508 896 2598 digni
914 2510 997 2593 sint,
1012 2533 1032 2574 a
1047 2511 1199 2599 pluribus
1217 2514 1285 2594 jam

213 2629 262 2677 est
277 2615 474 2701 expositum.
492 2614 531 2677 In
547 2611 771 2698 antiquissima
790 2611 884 2704 enim*
894 2611 1017 2676 horum
1033 2613 1189 2697 historia,
1210 2636 1287 2703 quae

214 2711 337 2777 dicitnr
352 2706 586 2802 mythologice,
598 2713 697 2801 longe
709 2713 828 2778 clarius
841 2736 901 2779 nos
910 2715 975 2796 jam
988 2717 1168 2799 cernimus,
1184 2740 1285 2805 quam

214 2816 276 2905 ipsi
288 2815 337 2880 illi
351 2816 401 2882 bis
417 2818 508 2883 mille
523 2819 617 2882 annis
633 2833 708 2880 ante
722 2817 911 2882 cernebant.
925 2810 1025 2901 Quod
1038 2818 1174 2906 quidem
1187 2820 1287 2886 latius

109 2996 112 3012 Ι
215 2939 399 3006 exponere,
415 2936 448 2984 et
464 2920 621 3009 exemplis
637 2919 816 3002 illustrare,
832 2943 901 2984 non
917 2937 966 2986 est
980 2921 1078 3003 hujus
1093 2923 1171 2989 loci.

260 3020 486 3087 Posteriorum
501 3039 612 3089 autem
628 3039 816 3112 temporum
837 3046 936 3111 quam
951 3046 1031 3113 vaga
1046 3025 1088 3089 sit
1109 3040 1143 3089 ct
1160 3025 1287 3091 incerta

215 3123 406 3190 eorundem·
416 3126 552 3191 historia
561 3174 572 3206 ‚
589 3126 642 3192 vel
658 3126 727 3190 hoc
743 3148 848 3190 unum
870 3148 930 3190 nos
952 3126 1067 3208 docet,
1090 3125 1181 3214 quod
1196 3127 1294 3216 ipso-¹

214 3247 291 3290 rum
303 3228 467 3311 historici,
479 3229 521 3294 ad
534 3228 758 3320 Pherecydem
771 3251 874 3316 usque
889 3244 921 3293 et
934 3227 1094 3293 Cadmum
1103 3228 1286 3311 Milesium,

214 3331 253 3394 A.
271 3331 311 3394 U.
330 3331 615 3420 200(Plin.v11‚
634 3330 710 3419 57),
732 3332 880 3396 versibus
894 3332 1100 3421 scripserint3
1120 3352 1199 3419 ergo
1214 3331 1286 3419 epi·

215 3455 333 3498 corum
346 3435 448 3500 instar
460 3452 649 3524 poetarum,
661 3457 713 3501 res
724 3450 829 3524 gestas
843 3434 1018 3507 maluerint
1034 3454 1170 3515 ornare,
1186 3453 1288 3519 quam

207 3535 347 3603 neferre.

259 3639 334 3705 Huc
345 3638 473 3705 accedit
484 3641 550 3707 hoc
563 3641 598 3705 in
610 3641 751 3722 Nostro,
766 3638 857 3727 quod
866 3640 1121 3727 Theopompum
1134 3637 1198 3703 sibi
1210 3658 1287 3727 pro-

216 3743 362 3830 posuerit
377 3744 592 3825 imitandum,
608 3765 708 3830 quem
724 3740 1067 3807 maledicentissimum
1084 3738 1196 3804 dicere
1216 3760 1286 3803 non

217 3842 346 3908 dubitat
362 3847 533 3913 Cornelius
549 3848 583 3911 in
600 3845 706 3911 Alcib.
721 3846 772 3926 ll,
792 3869 821 3909 1.
836 3845 923 3908 Hinc
937 3866 1005 3907 non
1019 3844 1189 3923 miremur,
1203 3841 1284 3906 huic

216 3945 365 4033 inprimis
381 3949 554 4030 accidisse,
571 3945 662 4035 quod
682 3948 780 4037 longe
799 3947 949 4037 piurimis
971 3947 1163 4033 Graecorum
1178 3944 1284 4008 histo·

219 4048 292 4111 ricis
307 4049 439 4129 occidit,
457 4048 548 4136 quod
563 4050 666 4113 nimio
681 4052 787 4138 gentis
803 4074 869 4115 sure
889 4074 1002 4116 amore
1017 4050 1166 4138 abrepti,
1180 4049 1286 4139 inpri-
