2670 4824
441 390 506 456 DE
531 391 750 459 IUSTINO.
1111 398 1130 465 5

67 528 131 573 rum
146 530 159 570 .·
174 507 294 572 victum
317 509 409 572 arunt
428 508 465 570 V
461 530 580 598 errorem
594 511 677 598 pati.
701 486 746 572 Id
765 483 888 599 quidem
912 520 943 572 et
964 515 1134 577 coturnices

69 610 187 698 Trogus
198 622 230 674 et
238 596 433 699 gallinaceos
443 603 634 704 aliquando,
642 611 784 700 perdices
796 635 871 675 vcro
882 635 904 673 a
916 609 1040 675 dontitis
1051 636 1133 678 seros

63 725 92 776 et
104 734 215 792 novos,
228 723 288 776 ortt
298 716 397 776 ot‘ctos
411 714 486 775 iniri
490 715 675 800 promiscue.
691 712 815 780 Eadem
827 713 929 777 habet
942 714 1133 780 Aristoteles

64 814 144 879 IIist.
160 818 222 878 An.
239 815 303 897 IX,
324 837 381 896 123
397 814 473 879 coll.
488 813 607 879 AElian.
626 816 707 880 Hist.
725 818 787 881 An.
805 818 871 899 III,
892 816 951 899 163
967 816 1023 899 IV,
1041 819 1091 882 16.
1229 892 1232 897 ¹

104 940 137 1005 9.
155 915 308 982 Indidem
326 940 460 1005 quoque
477 916 607 982 fluxisse
623 917 793 1001 videntur,
810 942 883 1007 quae
897 917 986 983 idem
1006 920 1134 986 Plinius

62 1018 161 1084 habet
177 1021 243 1102 XI,
256 1024 299 1107 94
315 1042 324 1084 t
338 1019 507 1108 Dasypodi
513 1069 522 1100 ,
536 1032 567 1084 et
582 1024 614 1084 io
631 1020 731 1085 buccis
747 1015 830 1085 ditus
848 1022 937 1111 (sunt
953 1020 1044 1112 pili),
1055 1034 1087 1087 ct
1100 1026 1135 1088 io

55 1119 223 1210 pulibm':
246 1145 319 1211 quae
340 1134 473 1211 utraque
502 1121 625 1211 Trogus
653 1135 684 1188 ct
710 1126 743 1187 iu
768 1124 870 1212 lepore
891 1123 1046 1205 tradidit,
1073 1125 1137 1191 Itoc

62 1224 205 1314 campio
218 1223 440 1289 libidinosiores
454 1224 614 1289 hominum
627 1248 746 1315 quoquc
759 1226 855 1291 hirtos
876 1226 1035 1316 colligens.
1054 1227 1133 1292 Ilaec

63 1349 196 1414 quoque
211 1327 362 1417 Trogum
383 1348 422 1390 ex
444 1327 619 1393 Aristotele
641 1329 804 1412 hausisse,
825 1326 924 1394 docet
945 1329 1019 1412 hic,
1040 1330 1137 1412 cuj'us

64 1444 110 1492 est
121 1430 233 1493 Probl.
251 1429 401 1511 XXXII,
417 1444 495 1495 sect.
514 1430 637 1508 dhoet
656 1424 710 1491 Ad
726 1427 812 1491 vind
830 1424 924 1512 ipatus
939 1424 986 1492 ed
1002 1434 1024 1492 ol
1041 1429 1136 1493 tants
1230 1500 1233 1515 Ι

63 1525 190 1612 iugum
202 1530 306 1604 λᾶγνοι.

108 1656 159 1697 ιο.
177 1634 302 1699 Plinius
324 1634 435 1718 XVII,
451 1658 496 1723 9:
512 1635 603 1700 Folio
623 1635 811 1723 palmorum
832 1633 922 1723 opud
941 1633 1135 1724 Babylonios

63 1737 134 1814 scri,
149 1747 244 1825 atquc
256 1739 304 1800 ita
317 1738 461 1802 arborem
469 1742 632 1828 provenire
638 1788 649 1819 ,
671 1739 811 1828 Trogum
825 1736 990 1803 credidisse
1002 1736 1134 1803 divitior.

64 1837 156 1901 Conf.
177 1839 347 1930 Theophr.
364 1841 447 1905 Hist.
462 1845 523 1906 An.
541 1842 589 1924 Il,
608 1864 637 1906 2.

109 1963 159 2003 11.
177 1940 304 2006 Plinius
318 1942 451 2026 XXXI,
463 1947 504 2032 47
521 1965 529 2006 :
549 1943 670 2035 Trogus
687 1957 801 2009 mictor
813 1957 859 2009 est
867 1993 877 2025 ,
894 1947 978 2008 circa
994 1942 1135 2029 Lyctum

57 2041 220 2127 pcrdcdlos
232 2044 426 2108 mollissimos
437 2049 526 2109 nosci
533 2049 566 2110 in
577 2047 659 2128 olto,
669 2047 752 2112 trude
763 2048 885 2115 ablatae
895 2051 958 2112 sint
968 2050 1120 2134 spongiae.

109 2166 159 2207 ιι.
175 2144 305 2209 Flavius
318 2145 493 2238 Vopiscus,
507 2150 566 2236 qui
582 2147 693 2213 lloruit
706 2152 743 2213 A.
761 2151 796 2214 C.
812 2149 896 2231 304,
908 2150 941 2212 in
956 2134 1135 2212 Aureliano

63 2266 131 2334 cap.
147 2268 165 2309 a
181 2268 190 2311 t
206 2247 358 2336 Eqrodem
372 2248 460 2330 dico,
473 2254 625 2314 neminem
636 2255 833 2340 scriptorum,
849 2262 1001 2340 quanmm
1015 2249 1064 2312 cd
1074 2249 1137 2311 tis-

64 2351 177 2412 ton‘am
196 2352 335 2436 pertinet
342 2399 351 2429 ,
373 2374 437 2414 nori
457 2351 581 2440 aliquid
602 2375 664 2416 esse
688 2355 848 2415 mrditum
871 2349 1036 2440 :prodere
1060 2352 1136 2438 quin

63 2452 155 2514 etiam
162 2473 306 2539 posswn,
325 2456 356 2515 in
372 2477 434 2541 quo
449 2452 569 2534 Livius,
586 2457 619 2517 in
630 2478 690 2544 quo
701 2453 882 2532 Sallustius,
898 2456 1003 2540 inquo
1018 2450 1134 2516 Come·

63 2551 119 2615 dus
138 2551 278 2631 Tacen,
294 2557 327 2616 io
341 2578 400 2643 quo
417 2556 547 2646 dem'qms
563 2556 700 2646 Trogus,
715 2556 887 2645 manfiestis
901 2555 1043 2635 restitus,
1058 2579 1135 2619 con·

64 2657 234 2719 uocantur.
244 2656 437 2720 Certissima
449 2659 550 2746 igitur
562 2659 639 2725 fidei
650 2661 741 2725 hunc
753 2661 949 2749 scriptorem
963 2655 1014 2721 his
1025 2656 1135 2723 verbis

63 2758 136 2821 satis
152 2757 339 2824 luculenter
353 2758 506 2825 declarat.
523 2764 620 2827 Certe
633 2763 764 2851 Trogus
780 2763 815 2825 in
830 2763 922 2826 Livio
936 2775 969 2825 et
981 2759 1135 2825 Sallustio

63 2859 338 2950 reprehenderat,
353 2860 519 2927 referente
533 2863 632 2946 hujus
647 2865 865 2953 epitomatore
881 2861 1076 2943 XXXVIII,
1096 2860 1135 2943 3,

67 2985 121 3044 ιι,
138 2960 231 3051 quod
254 2963 431 3027 conciones
454 2963 611 3048 directas,
626 2990 688 3056 pro
704 2990 762 3031 sua
776 2966 941 3046 oratione,
958 2965 1053 3053 operi
1074 2987 1135 3028 suo

64 3062 255 3146 inserendo,
276 3065 423 3128 historiae
439 3064 575 3130 modum
593 3070 799 3133 excesserint.
824 3069 1007 3131 Historicus
1028 3067 1135 3149 enim,
1254 3108 1264 3114 -

65 3166 149 3231 viros
163 3189 240 3230 suos
255 3166 300 3230 ita
316 3164 462 3232 dicentes
478 3166 656 3251 inducens,
672 3169 738 3258 agit
752 3186 901 3257 poetam,
914 3169 1054 3234 lectores
1067 3190 1139 3232 non

64 3282 129 3333 tam
143 3268 317 3353 docturus,
331 3293 430 3358 quam
444 3272 554 3360 potius
568 3270 800 3337 delectatums.

112 3371 161 3437 13.
185 3363 280 3437 Idem¹
297 3372 473 3439 historicus
496 3375 531 3438 in
552 3375 679 3457 Probo,
702 3397 771 3463 cap.
792 3396 831 3456 2,
848 3373 1041 3461 scriptorem
1059 3394 1140 3435 nos·-

65 3489 152 3538 tmm
162 3497 246 3547 ‚cum
263 3474 431 3560 sallustia,
445 3478 556 3560 Livia,
575 3477 707 3560 Tacito,
725 3492 878 3541 numerat
893 3477 928 3539 in
945 3476 1023 3541 viris
1038 3474 1136 3538 diser·

64 3579 194 3641 tristium

113 3684 163 3758 14.
176 3681 411 3770 Hieronymus,
424 3699 521 3746 mort.
536 3684 573 3746 A.
586 3683 621 3745 C.
636 3685 718 3761 420,
730 3681 891 3770 prooemio
903 3680 936 3743 in
949 3678 1136 3761 Danielem,

66 3782 214 3872 Trogum
230 3801 380 3848 nostrum
393 3785 485 3866 juxta
499 3786 626 3848 Livium
640 3800 672 3847 et
684 3784 849 3847 Iustinum
865 3780 993 3862 laudat,
1009 3803 1049 3844 es
1061 3781 1136 3866 qui·

28 3888 29 3892 ’
66 3885 127 3950 bus
143 3900 183 3949 ut
198 3886 389 3951 Graecorum
405 3888 541 3951 historia
557 3887 713 3975 cognosci
729 3886 848 3975 possit,
864 3884 909 3947 sic
927 3899 960 3947 et
975 3897 1136 3946 extraneae

65 3987 210 4052 Danielis
231 4005 349 4076 partes.
376 3989 468 4054 Idem
492 3991 525 4053 in
552 4006 729 4055 comment.
754 3991 788 4053 in
813 4012 882 4077 cap.
902 3984 920 4049 5
938 3985 1102 4075 Danielis,
1118 4008 1138 4049 a

66 4090 166 4155 Dario
182 4091 370 4181 (Cyaxare),
385 4091 561 4159 Medorum
569 4143 577 4174 ‚
591 4106 623 4158 et
635 4094 737 4181 Cyro,
750 4093 924 4160 Persarum
937 4110 1030 4178 rege,
1044 4085 1139 4151 Chal·
