2670 4824
199 395 248 447 xx
568 362 901 435 TESTIMONIA

200 521 284 586 nus,
298 506 336 566 et
346 505 473 565 auctor
482 487 565 561 libri
575 486 620 559 de
629 483 714 559 vitis
723 482 1029 580 Philosophorum
1039 508 1119 581 cap.
1132 481 1271 574 CXlV,

201 604 413 692 adfirmant,
425 598 540 700 Trogi
550 593 768 693 discipulum
782 591 903 665 fuisse.
917 593 941 663 J
943 591 1104 664 ustinum
1116 590 1274 664 libenter

201 713 365 815 sequitur
383 709 556 799 Orosius,
576 706 742 779 imitatur
759 704 852 776 Saxo
865 702 1153 794 Grammaticus,
1174 715 1215 774 ut
1234 701 1274 773 in

202 823 300 897 notis
320 822 367 895 ad
388 822 484 893 hunc
505 814 721 916 Stephanius
744 811 877 911 passim
900 826 1016 885 notat.
1036 815 1172 885 Parum
1189 839 1275 885 cre-

202 933 314 1008 dibile
329 946 404 1023 est,
417 930 517 1031 quod
527 928 567 1000 in
579 925 712 999 Codice
723 923 1039 1026 Magliabequiano
1047 978 1059 1014 ,
1073 936 1164 996 teste
1178 923 1271 995 Abr.

203 1043 394 1120 Gronovio
403 1098 416 1136 ,
436 1039 614 1129 traditur,
630 1035 816 1109 lustinum
835 1032 1096 1133 Philosophum
1109 1033 1276 1107 celeber-

204 1156 343 1230 rimum
370 1166 408 1225 et
434 1149 550 1252 Trogi
575 1148 683 1220 luisse
708 1145 954 1243 discipulum,
981 1146 1099 1217 multo
1125 1145 1275 1237 minus,

205 1265 307 1367 quod
314 1260 522 1338 Gualterius
533 1258 686 1332 Burleus
694 1255 854 1353 scripsit,
871 1255 1001 1327 lilium.
1018 1254 1148 1328 Libros
1159 1255 1277 1356 Trogi

207 1378 253 1450 de
269 1373 497 1449 Animalibus
511 1369 634 1445 laudat
648 1366 829 1440 Charisius
842 1366 905 1438 lib.
926 1369 963 1457 1,
982 1393 1021 1463 p.
1039 1393 1105 1463 793
1129 1366 1280 1464 respicit

207 1483 345 1560 Plinius
358 1483 524 1582 Trogum
538 1479 687 1552 laudans
699 1476 796 1549 Hist.
810 1476 901 1568 Vll,
917 1502 997 1576 cap.
1014 1478 1035 1549 3
1043 1507 1053 1567 ;
1068 1490 1106 1548 et
1120 1476 1185 1548 lib.
1202 1479 1257 1548 XI
1264 1531 1278 1569 ,

209 1621 289 1692 cap.
309 1593 354 1664 52
376 1622 385 1662 :
408 1591 470 1664 ubi
489 1605 671 1663 aratorem
687 1592 942 1660 severissimum
959 1603 1082 1661 vocat.
1098 1587 1281 1660 Historias

210 1701 326 1803 Trogi
339 1714 547 1774 memorant
560 1697 783 1789 PriscianuS,
800 1697 889 1769 item
906 1697 1067 1791 Plinius,
1087 1712 1123 1771 ct
1139 1699 1178 1771 in
1191 1699 1285 1770 Vir·

213 1811 342 1912 gilium
362 1809 533 1900 ServiuS,
557 1807 702 1907 aliique.
735 1866 746 1877 .

262 1924 411 1995 Exstant
422 1922 667 1994 Historiarum
678 1917 977 2018 Philippicarum,
992 1935 1028 1993 et
1038 1924 1146 1992 totius
1155 1920 1287 1992 mundi

218 2033 408 2129 Originum
421 2046 456 2102 et
469 2045 571 2102 terrra
583 2033 694 2116 situs,
707 2055 758 2101 cx
779 2030 896 2126 Trogo
910 2032 1079 2133 Pompeio
1087 2046 1287 2132 excerpta-

216 2166 297 2217 rum
314 2140 393 2213 libri
410 2139 559 2229 XLIV,
579 2167 600 2209 a
620 2138 720 2210 Nino
738 2164 850 2239 usque
869 2140 914 2212 ad
932 2141 1111 2215 Caesarem
1134 2144 1289 2245 Augus-

217 2268 298 2326 tum
309 2306 322 2344 ,
351 2251 418 2324 sub
448 2274 524 2350 quo
558 2248 702 2349 Trogus
730 2248 951 2347 Pompeius,
988 2251 1104 2349 patria
1136 2251 1290 2346 Gallus,

216 2362 454 2464 philosophus
470 2386 513 2433 ac
525 2360 717 2433 historicus
729 2358 984 2433 disertissimus
1003 2362 1146 2457 floruit,
1164 2364 1290 2437 totius-

218 2501 291 2575 que
321 2472 443 2563 0rbis,
468 2471 533 2544 scd
557 2472 702 2544 Graecas
725 2470 956 2569 potissimum
984 2473 1149 2548 historias
1173 2474 1293 2550 latino

221 2608 389 2658 sermone
413 2588 462 2672 44
481 2581 729 2656 voluminibus
753 2583 986 2679 composuit;
1005 2600 1042 2658 et
1063 2612 1084 2657 a
1102 2586 1295 2685 praecipuo

222 2707 463 2793 argumento,
483 2690 587 2794 regni
600 2718 735 2788 nempe
752 2691 978 2767 Macedonici
990 2695 1162 2790 historia,
1180 2724 1293 2798 quam

224 2835 244 2880 a
265 2805 360 2877 libro
380 2803 537 2901 septimo
552 2801 597 2874 ad
610 2800 927 2903 quadragesimum
945 2804 1106 2903 primum
1123 2805 1296 2907 exsequi-

196 2904 201 2919 ’
225 2933 308 3009 tur,
333 2917 516 2990 Historias
532 2913 776 3015 Philippicas,
794 2913 1028 3016 Theopompi
1044 2919 1214 3017 exemplo
1231 2917 1297 2990 in-

226 3027 381 3126 scripsit.
400 3029 543 3099 Harum
556 3052 616 3119 se,
632 3026 682 3099 ait
698 3026 882 3121 tustinus,
896 3056 962 3127 per
974 3030 1112 3124 otium,
1126 3057 1241 3132 quum
1256 3029 1298 3102 in

228 3142 319 3214 urbe
341 3153 569 3231 versaretur,
592 3137 801 3241 dignissima
821 3167 974 3242 qnaeque
997 3140 1205 3242 cognitione
1228 3168 1299 3214 ex-

230 3250 424 3348 cerpsisse,
438 3263 474 3322 et
486 3248 626 3322 omissis
640 3250 717 3343 his,
735 3277 817 3351 quae
830 3277 897 3323 nec
909 3252 1149 3355 cognoscendi
1159 3252 1302 3351 volup-

231 3377 305 3436 tate
318 3361 500 3462 jucunda,
516 3388 581 3434 nec
590 3354 757 3460 exemplo
767 3362 963 3435 necessaria
970 3363 1149 3465 judicaret
1159 3419 1172 3456 ,
1184 3364 1301 3451 breve

233 3471 347 3546 veluti
366 3473 499 3545 {lorum
517 3472 770 3570 corpusculum
793 3471 924 3547 fecisse.
945 3472 1192 3575 Suinciunt'ur
1209 3475 1303 3547 Jus-

235 3584 314 3656 tino
332 3583 371 3655 in
391 3583 577 3685 Bongarsii
597 3583 781 3674 editione,
805 3597 912 3684 atque
929 3584 1013 3659 inde
1036 3584 1075 3657 in
1097 3584 1195 3677 aliis,
1211 3612 1303 3686 pru-

236 3694 329 3789 logi,
352 3698 423 3765 siae
441 3694 615 3794 periocha
637 3693 862 3767 historiarum
883 3696 1167 3799 Philippicarum
1191 3696 1305 3795 Trogi

238 3804 420 3902 Pompeii,
451 3804 627 3903 ejusmodi
660 3804 759 3897 sere,
787 3806 905 3907 qualia
942 3807 1175 3881 historiarum
1203 3807 1303 3884 Livii

238 3927 452 4013 argumenta
472 3915 539 3987 sub
557 3915 654 3987 Flori
670 3915 820 3989 nomine
840 3918 1027 3992 habemus.
1046 3920 1111 3992 llla
1121 3975 1133 4011 ,
1159 3920 1203 3991 ab
1222 3918 1304 4016 ipso

238 4024 333 4126 forte
350 4024 511 4123 profecta
528 4025 671 4125 Trogo,
691 4042 787 4099 certe
805 4054 879 4101 non
897 4056 919 4100 a
937 4029 1082 4102 Justino
1097 4028 1304 4121 elaborata,

238 4133 460 4228 ostendunt,
487 4132 671 4209 lustinum
698 4136 736 4208 in
761 4138 930 4237 Epitome
954 4166 1019 4214 sua
1044 4140 1204 4215 omisisse
1226 4166 1305 4213 non
