2670 4824
212 367 274 416 avr
562 339 920 415 .TESTIMONIA

213 465 318 541 viora
336 463 421 536 fecit
445 493 453 533 ε
479 461 587 562 idque
615 488 687 562 qua
717 462 789 536 fide
819 463 940 544 dicere
970 489 1046 536 non
1072 490 1288 562 possumus,

213 573 361 674 quando
377 599 418 645 ea
433 570 541 644 hodie
554 597 629 643 non
646 586 810 662 exstcut3
831 588 868 646 et
886 572 982 645 haud
993 573 1067 648 scio
1085 590 1210 649 utrum
1228 578 1290 652 isti

214 681 506 773 abbreviatores,
540 695 581 753 ut
603 681 653 753 ita
676 681 828 782 loquar,
855 708 1073 785 magnorum
1096 702 1289 762 auctorum

133 800 136 809 '
214 792 296 892 plus
316 791 479 865 criminis
496 792 751 884 committant,
773 819 820 864 an
839 792 920 891 plus
941 795 1086 868 erroris.
1114 798 1225 871 Multi
1248 799 1289 873 in

215 931 258 978 ea
283 919 368 977 sunt
398 903 573 1001 opinione
603 902 701 979 Livii
733 903 904 1002 operibus
939 906 1100 978 multum
1131 908 1289 984 obfiiisse

208 1015 260 1089 'L.
281 1013 380 1088 Flori
399 1012 661 1087 racemationes
671 1068 685 1105 ,
704 1028 741 1085 et
760 1012 886 1114 Trogo
904 1014 1001 1088 hunc
1014 1015 1213 1089 Justinum.
1235 1019 1291 1092 Ut

214 1136 257 1195 ut
274 1149 331 1195 res
348 1135 427 1214 est,
448 1135 545 1195 certe
573 1119 631 1193 bic
657 1134 784 1193 auctor
807 1120 857 1192 ita
881 1136 1065 1219 susceptus
1083 1126 1163 1215 est,
1188 1150 1230 1197 ac
1247 1123 1288 1197 in

215 1233 255 1306 id
272 1230 496 1305 auctoritatis
514 1229 637 1322 venit,
656 1245 698 1302 ut
715 1229 884 1304 credatur
903 1245 987 1304 cum
1007 1233 1162 1307 utilitate
1180 1234 1253 1335 legi
1276 1267 1285 1308 ι

154 1406 157 1411 .
215 1341 497 1442 comprehendit
510 1342 608 1414 enim
620 1342 787 1416 Graecam
801 1367 841 1413 ac
855 1343 1081 1434 Romanam,
1095 1344 1184 1417 item
1194 1345 1289 1418 mul-

215 1467 337 1525 tarum
367 1452 603 1525 barbararum
632 1451 798 1553 gentium
824 1451 1036 1546 historiam,
1061 1480 1127 1554 per
1148 1456 1288 1532 multos

215 1576 401 1638 extentam
424 1589 559 1654 annos,
585 1589 719 1661 nempe
736 1560 792 1635 bis
812 1560 914 1634 mille
941 1589 962 1634 a
986 1562 1087 1635 Nino
1109 1564 1187 1638 Beli
1210 1565 1288 1640 filio

216 1674 263 1747 ad
293 1673 451 1774 Augusti
479 1672 628 1746 Caesaris
659 1698 771 1773 usque
805 1686 984 1770 tempora.
1024 1672 1200 1747 Latinitas
1229 1689 1288 1746 ut·

85 1844 89 1852 .
215 1805 359 1886 cunque
376 1799 537 1878 constat,
558 1785 609 1857 ita
630 1797 755 1856 tamen
772 1796 907 1854 utnon
931 1806 1045 1880 parvo
1070 1782 1287 1877 intervallo,

216 1897 455 1990 Suetonium,
475 1922 515 1970 ac
542 1894 700 1995 reliquos
723 1891 886 1993 ejusdem
907 1890 1026 1966 classis
1043 1906 1081 1967 et
1098 1891 1288 1993 elegantioe

217 2023 383 2085 auctores
402 2021 586 2111 sequatur.

437 2185 671 2256 Jaoonus
703 2181 1069 2268 noncanstus,
1153 2196 1157 2203 ·

536 2345 585 2391 AD
605 2343 805 2390 ammom
829 2342 974 2389 Justntl.

341 2469 505 2543 lustinus
523 2466 639 2567 Trogi
657 2466 886 2542 abbreviator
903 2490 978 2566 quo
996 2479 1163 2565 tempore
1180 2466 1287 2542 vixe-

215 2582 291 2673 rit,
311 2571 397 2655 *non
416 2581 532 2654 habeo
552 2578 686 2651 dicere.
711 2579 876 2649 Fortasse
893 2576 1104 2676 quiscum,
1127 2576 1288 2677 imperio

217 2688 575 2789 Constantinopolim
592 2686 790 2778 translato,
810 2686 972 2795 floruisse
983 2686 1131 2788 collegit
1146 2714 1191 2761 ex
1209 2684 1287 2789 ejus

216 2802 311 2877 libro
324 2803 436 2894 Vlll,
463 2826 580 2901 quum
607 2798 726 2898 inquit
737 2853 751 2890 ,
774 2798 959 2884 Graeciam
979 2804 1090 2873 etiam
1111 2820 1232 2891 nunc,
1252 2814 1289 2873 et

216 2912 375 3004 viribus,
397 2928 432 2987 ct
446 2911 647 3009 dignitate,
667 2908 759 2983 orbis
776 2923 952 2983 terrarum
962 2914 1161 3011 principem
1174 2936 1188 2981 .··
1204 2936 1288 3010 quae

216 3010 341 3099 tamen
358 3025 566 3124 conjectura
582 3020 672 3096 levis
688 3035 742 3094 est
758 3019 880 3093 nimis.
901 3021 1000 3094 Nam
1018 3020 1117 3120 quod
1136 3019 1290 3121 quidam

216 3133 418 3209 Methodici
429 3133 596 3206 claruisse
606 3157 690 3204 eum
703 3156 801 3205 anno
812 3131 947 3205 Christi
965 3132 1033 3204 150
1045 3130 1286 3228 scripserunt,

216 3244 320 3319 nullo
333 3259 480 3318 auctore
498 3257 727 3316 asseruerunt
746 3273 755 3314 ε
774 3243 811 3314 in
825 3268 989 3315 errorem
1006 3241 1169 3334 inducti,
1186 3242 1289 3342 quod

216 3356 295 3429 haec
312 3353 475 3454 epitoma
488 3354 527 3427 in
539 3353 651 3456 vulgo
663 3353 769 3427 editis
781 3352 882 3426 libris
894 3355 1073 3428 Auromno
1085 3379 1289 3428 inornarent

216 3465 456 3558 inscribatur,
487 3479 613 3539 contra
642 3477 810 3540 veterum
839 3464 1008 3538 codicum
1038 3464 1162 3537 fidem.
1183 3464 1289 3537 Vixit

217 3577 366 3678 quidem
378 3576 445 3649 sub
456 3574 647 3649 Antonino
658 3574 822 3648 Justinus
833 3574 976 3674 Martyr
986 3587 1023 3646 et
1030 3573 1286 3671 Philosophus,

218 3691 320 3788 cujus
337 3701 478 3761 exstant
501 3712 612 3785 opera
629 3684 780 3777 Graeca,
800 3700 837 3759 et
860 3686 925 3785 qui
945 3711 1042 3758 anno
1065 3688 1131 3775 143
1150 3683 1288 3759 librum

86 3854 88 3859 ,
218 3822 288 3896 pro
305 3812 428 3872 nostra
445 3796 621 3898 religione
637 3796 882 3894 compositum
904 3795 1095 3869 Antonino
1113 3795 1285 3888 tradidit,

219 3923 263 3982 ut
292 3924 346 3982 est
373 3909 413 3982 in
437 3909 606 3983 chronica
632 3906 789 3979 Eusebii.
819 3909 929 3980 Hunc
948 3905 1000 3979 illi
1022 3905 1179 3980 cundem
1192 3932 1288 3982 'cum

220 4033 345 4093 nostro
363 4021 478 4095 facere
496 4019 688 4109 videntur3
710 4033 747 4092 et
766 4016 850 4092 ante
867 4045 928 4092 eos
945 4018 1065 4093 nescio
1082 4019 1163 4120 quis
1180 4019 1288 4092 Mar-

220 4130 328 4234 tinus,
345 4133 529 4226 Polonus,
558 4129 656 4213 nulla
685 4130 865 4231 probabili
889 4130 1043 4208 ratione.
1072 4128 1259 4206 tustinum
1271 4184 1285 4222 ,
