2670 4824
505 314 800 391 nnruvono.
1150 344 1187 389 ιι
1247 280 1260 299 ‘

126 502 146 538 a
167 464 410 569 immemor,
428 461 481 547 ad
496 463 779 549 illustrandam
791 464 1007 547 historiam
1023 469 1188 552 nonnisi

126 638 146 676 κ
168 630 216 684 ea
234 598 397 707 addidi,
424 631 516 714 quae
533 603 631 687 huic
651 604 800 687 rationi
831 606 1122 709 convenirent,
1145 605 1190 688 id

125 776 146 815 a
168 758 229 822 est
241 802 253 845 ,
283 770 376 850 quae
410 769 494 823 non
529 745 667 828 minus
699 745 878 828 breviter
903 773 1027 850 eam,
1063 775 1194 856 quam

126 912 147 951 a
170 878 345 991 scriptor
379 877 557 964 breviter
589 884 747 995 attigit,
789 910 879 965 rem
912 880 1190 988 illustrarent,

126 1052 147 1090 a
169 1046 301 1129 neque
315 1048 365 1101 ex
382 1018 545 1104 Justino
560 1021 745 1135 Trogum
761 1020 1025 1133 refingerent‚
1039 1019 1111 1104 sed
1129 1040 1190 1127 te,

128 1192 150 1231 a
172 1158 381 1242 carissime
395 1159 565 1267 Lector,
586 1163 628 1243 in
643 1160 810 1244 ¹Justino
832 1161 1018 1244 celeriter
1031 1159 1197 1274 pertus-¹

128 1330 149 1367 a
171 1292 317 1378 trando
335 1295 550 1406 ducerent,
569 1300 767 1414 pluraque
787 1296 1057 1413 cognoscendi
1078 1302 1192 1413 cupi-

128 1467 150 1507 «
171 1429 276 1515 dum
295 1432 521 1544 adfantes,
540 1435 649 1521 unde
668 1440 831 1522 haurire
848 1439 980 1553 possis
999 1439 1192 1550 sitimque

129 1607 150 1646 n
173 1575 442 1686 restinguere,
462 1576 706 1690 ablegarent.

186 1746 207 1786 a
228 1710 478 1825 Atquebuic
501 1713 635 1798 eidem
655 1715 844 1799 brevitati
869 1715 912 1796 in
940 1715 1048 1797 notis
1067 1716 1193 1798 textui
1268 1727 1270 1732 ’

131 1884 151 1923 α
173 1848 385 1936 substratis
405 1851 591 1960 studens,
611 1852 800 1938 Iudicem
817 1855 1120 1939 historicum...
1141 1854 1194 1937 ab

129 2022 150 2062 a
172 1983 315 2072 Indice
330 1991 539 2076 latinitatis
554 1996 758 2107 separavi,
773 1991 1086 2106 diligentissime
1103 2025 1195 2079 con-

131 2163 150 2202 «
173 2147 362 2238 gestum,
380 2130 555 2244 indeque
578 2132 698 2245 longe
726 2131 990 2230 Fischeriano
1010 2133 1195 2247 locuple-

131 2303 151 2342 «
173 2267 345 2374 tiorem‚
364 2269 564 2384 longeque
583 2269 884 2354 adcuratiorem
905 2268 1103 2354 addidi...
1124 2305 1144 2345 u

66 2470 72 2481 .
187 2443 207 2483 a
232 2405 359 2516 Quod
377 2407 490 2494 idem
510 2412 687 2525 spectavi
709 2411 753 2493 in
767 2410 939 2494 Tabulis
959 2408 1196 2494 Chronolo-

130 2582 151 2621 α
173 2546 274 2657 gicis
286 2612 298 2654 ,
329 2579 429 2660 quas
460 2551 546 2665 ipse
570 2548 707 2634 denuo
735 2552 1004 2656 concinnavi,
1037 2580 1194 2662 quum,

129 2681 272 2798 «quas
291 2686 535 2802 Bongarsius
553 2687 668 2773 dedit
686 2688 981 2803 Excerptiones
1001 2685 1196 2774 Chrono-

130 2821 323 2939 «logicas
350 2827 405 2911 ad
421 2828 573 2913 Justini
595 2828 810 2912 historiam
836 2823 1196 2931 accommodatas,

131 2955 158 3038 «⁴
174 2962 255 3046 illae
275 2995 424 3079 parum
444 2985 552 3081 aptae-
567 2967 672 3049 mibi
695 2962 942 3051 viderentur.
968 2997 986 3036 a

182 3100 306 3187 Nunc
320 3100 451 3217 qoam
461 3106 712 3222 peculiarem
723 3101 822 3187 huic
831 3100 1102 3185 Wetzelianae
1117 3099 1197 3183 edi·
1312 3135 1318 3149 ·

128 3240 229 3322 tioni
241 3269 410 3356 operam
420 3272 495 3328 nos
503 3241 944 3357 adjecerimus,paucis
955 3238 1194 3324 dicendum.

183 3377 362 3464 Textum
382 3385 592 3497 primum,
607 3383 775 3495 qualem
785 3379 1192 3486 emendatissimum,

129 3532 249 3625 atque
279 3545 328 3598 ex
359 3513 528 3603 Graevio
561 3517 752 3602 relictum
787 3515 968 3599 ediderat
1002 3515 1196 3622 wetzel,

128 3671 264 3737 totum
278 3658 533 3769 accepimus,
547 3659 647 3763 nisi,
661 3674 816 3738 mutata
831 3657 977 3770 saepius
993 3656 1198 3769 interpun-

129 3790 249 3904 gendi
264 3793 440 3903 ratione,
453 3816 548 3911 post
559 3795 724 3880 collatas
736 3814 973 3880 nostrorum
988 3791 1196 3879 Codicum

128 3930 337 4017 lectiones.
978 3938 982 3949 '

186 4067 496 4161 commentaria
526 4076 674 4182 etiam,
701 4074 836 4186 qualia
861 4071 989 4159 textui
1015 4071 1197 4158 substra-
