2670 4824
467 144 498 203 N

203 374 225 436 6
551 364 920 429 PROLEGOMENA

202 485 350 550 daeorum
375 481 550 571 imperium
576 479 781 545 destructum
805 479 968 560 referens,
993 477 1101 543 adfert
1122 495 1273 544 auctores

203 586 461 675 Xenophontem
474 584 509 647 in
526 580 731 672 Cyropaedia,
747 598 780 646 ct
794 582 942 671 Trogum
955 582 1160 670 Pompeium.

253 686 304 752 15.
318 686 537 775 Augustinus,
553 701 650 748 mort.
663 687 701 749 A.
716 687 752 748 C.
765 683 850 765 430,
866 683 909 749 de
923 684 1061 748 civitate
1074 685 1150 765 Dei,
1161 685 1217 767 IV,
1230 685 1274 749 6:

203 791 344 855 lustinus
358 786 523 867 Groermn,
534 787 592 851 vel
590 789 697 874 potius
702 790 922 876 peregrinam,
941 786 1080 874 Trogum
1092 787 1276 875 Pompeium

205 904 368 982 sequutus,
383 913 447 955 nou
461 890 557 957 latiae
571 901 709 967 tautum,
725 892 804 954 sicut
821 890 891 970 ille,
911 913 1022 954 verum
1038 893 1134 953 ettam
1147 891 1279 961 breuiter

205 998 325 1085 sorduit
345 994 516 1058 historiam.
531 994 574 1058 Et
590 992 704 1082 paullo
725 1008 800 1082 post
816 1015 825 1056 ε
843 988 1075 1080 Qutdrdetftde
1097 1015 1202 1056 rerum
1223 994 1283 1057 uel

206 1102 278 1179 iste,
290 1098 347 1163 uel
360 1096 482 1185 Trogus
496 1098 647 1185 scrirsen't
661 1094 756 1183 (uam
769 1096 917 1185 quadam
929 1096 999 1161 illos
999 1094 1105 1184 finisse
1118 1099 1278 1177 neenti'tos,

206 1197 453 1288 altiefidelrores
471 1198 570 1263 litera
582 1197 781 1287 ostenduat);
795 1211 919 1264 coastat
932 1211 1038 1264 tamea
1051 1211 1083 1263 et
1101 1202 1182 1263 inter
1197 1199 1281 1263 alr‘os

207 1306 383 1392 scriptores,
399 1324 531 1390 regnum
544 1302 746 1387 Assyriorum
759 1326 783 1365 a
796 1301 881 1368 Niao
895 1326 968 1392 rege
968 1302 1074 1391 fuisse
1087 1302 1181 1391 longe
1196 1302 1280 1367 late·

208 1430 267 1500 quo
275 1416 464 1494 porrectum.
1096 1470 1098 1476 .

259 1509 309 1574 16.
327 1509 480 1589 Orosius,
492 1509 549 1595 qui
565 1506 676 1573 floruit
689 1510 726 1573 A.
739 1511 774 1574 C.
786 1513 864 1598 417,
877 1510 936 1572 lib.
951 1510 983 1590 1,
995 1532 1065 1597 cap.
1083 1508 1125 1590 8,
1139 1507 1182 1574 de
1193 1507 1281 1573 fame

210 1613 360 1702 AEgypti,
375 1613 431 1676 cui
445 1611 606 1701 Josephus
622 1612 775 1677 subvenit
791 1634 799 1676 :
816 1613 980 1701 Pompeius
999 1612 1176 1690 historicus,
1197 1611 1283 1700 ejus-

211 1738 270 1804 que
291 1714 445 1777 breviator
462 1713 602 1778 lustinus
623 1713 723 1778 docet.
747 1716 827 1803 Cap.
850 1738 891 1778 10
910 1736 918 1778 :
939 1715 999 1778 Ait
1017 1714 1201 1802 Ponmeiu,
1222 1716 1285 1777 sioc

210 1818 351 1880 tustanus
387 1816 445 1879 hoc
478 1815 571 1880 modo
599 1816 805 1905 (sequuntur
829 1817 931 1882 verba
955 1817 972 1880 J
977 1815 1092 1896 ustini,
1118 1813 1282 1896 XXXVI,

213 1917 337 2006 2·12.).

262 2046 313 2110 17.
329 2020 527 2103 Jornandes,
541 2022 599 2109 qui
614 2019 727 2087 floruit
739 2023 776 2086 A.
792 2024 828 2086 C.
843 2019 925 2104 551,
941 2022 1027 2086 libro
1042 2019 1084 2085 de
1098 2020 1197 2084 rebus
1213 2019 1284 2085 Go-

213 2121 312 2186 thicis
331 2143 338 2184 :
357 2123 412 2184 Ex
427 2119 602 2185 Gothorum
621 2124 744 2184 nomme
761 2121 818 2185 vel
832 2144 946 2208 genere
952 2169 963 2200 ,
982 2119 1105 2207 Trogus
1117 2119 1286 2206 Pompeius

212 2223 408 2287 Parthorum
432 2222 510 2285 dreit
537 2226 689 2286 exstitisse
708 2225 906 2312 prosapiam.
932 2222 1054 2288 Idem:
1080 2221 1199 2308 Cyrus,
1223 2244 1286 2284 rex

214 2326 402 2407 Persarum,
413 2326 563 2413 Pompeio
577 2325 682 2415 Trogo
690 2338 833 2407 testame,
844 2325 996 2391 Getarum
1006 2328 1125 2414 regma
1136 2322 1284 2410 Tomyri,

138 2491 145 2504 ,
214 2428 274 2492 sibi
284 2428 414 2492 exitiale
427 2427 534 2491 intulit
546 2427 669 2494 bellum.

265 2528 316 2592 18.
339 2529 501 2593 Martinus
523 2530 687 2613 Polonus,
711 2548 863 2596 mortuus
884 2554 936 2596 an.
962 2531 1065 2612 1228,
1088 2530 1185 2618 plura
1207 2530 1287 2595 falsa

216 2629 329 2718 paucis
351 2628 460 2692 verbis
486 2630 605 2712 refert,
626 2634 775 2722 Trogum
801 2632 913 2698 dicens
935 2634 1116 2722 Hispanum
1137 2630 1287 2699 duruisse

216 2728 279 2792 sub
295 2730 463 2794 Antonino
479 2731 556 2814 Pio,
577 2733 743 2798 Iustinum
763 2734 876 2803 dicens
896 2737 965 2817 ejus
984 2735 1184 2824 discipulum
1195 2758 1287 2828 ¹eun·

217 2830 361 2918 demque
384 2832 551 2897 Iustinum
578 2835 784 2918 confundens
810 2861 887 2902 cum
909 2838 1039 2901 Iustino
1063 2836 1288 2926 philosopho,

218 2935 367 3017 Martfle
391 2933 499 3015 dicto,
521 2936 579 3023 qui
602 2939 796 3027 Imperatori
819 2941 868 3004 illi
891 2939 1015 3003 librum
1037 2936 1080 3002 de
1102 2939 1288 3008 Christiana

218 3036 379 3124 religione
397 3039 617 3126 compositum
635 3039 830 3123 reddiderit,
848 3044 886 3105 A.
904 3044 939 3105 C.
961 3040 1038 3127 139,
1054 3056 1085 3103 et
1105 3041 1288 3131 benignum

219 3162 296 3204 cum
309 3139 502 3205 Christianis
514 3141 638 3205 fecerit.
655 3143 751 3206 Conf.
766 3159 835 3207 not.
851 3142 894 3208 ud
906 3145 997 3233 praef.
1013 3152 1038 3218 S.
1055 3136 1085 3207 5.

269 3264 319 3327 19.
336 3241 477 3307 Ioannes
493 3244 755 3327 Sarisberieusis,
772 3263 923 3310 mortuus
934 3269 986 3310 an.
1004 3246 1100 3328 1281,
1114 3246 1235 3311 Polior.
1248 3248 1288 3330 V,

224 3367 281 3427 ια,
303 3345 444 3426 Iustini,
471 3369 569 3434 quem
591 3347 693 3437 Trogi
709 3349 859 3437 Pompeii
882 3347 964 3412 dicit
989 3345 1288 3437 compendiarium,

219 3449 333 3515 locum
349 3448 476 3527 laudat,
492 3451 559 3529 IX,
576 3451 612 3531 8,
626 3456 657 3528 4.

265 3552 310 3615 li.
338 3555 447 3638 Atque
473 3553 570 3633 hujus
595 3554 697 3642 Trogi
723 3552 872 3641 Pompeii
900 3554 1097 3641 epitomator
1126 3553 1191 3617 fuit
1215 3554 1290 3619 Jus-

220 3655 326 3737 tinus,
342 3655 417 3741 qui,
440 3654 572 3742 quando
594 3656 732 3737 vixerit,
754 3657 939 3744 ignoratur,
961 3679 1065 3743 quum
1085 3655 1157 3740 alii,
1180 3658 1216 3721 in
1238 3658 1290 3722 his

221 3758 249 3819 1.
267 3757 307 3821 G.
325 3757 476 3840 Vossius,
492 3759 573 3823 Saxe
590 3758 623 3821 in
642 3760 809 3823 Onomast.
826 3759 858 3838 1,
875 3780 948 3846 pag.
963 3756 1045 3844 309,
1060 3781 1136 3822 eum
1150 3758 1209 3822 has
1222 3759 1291 3824 his·

104 3880 107 3887 ’
221 3857 321 3921 torius
346 3860 575 3949 conscripsisse
598 3860 701 3925 velint
722 3862 760 3925 A.
787 3864 822 3925 C.
847 3861 1007 3942 150;a1ii
1032 3863 1131 3926 tertio
1154 3861 1291 3928 demum

222 3960 342 4023 seculo
351 4010 361 4041 ,
379 3961 470 4050 quod
482 3963 552 4026 veri
567 3978 615 4026 est
630 3952 785 4045 similius,
800 3965 916 4028 vixisse
932 3986 1009 4027 eum
1025 3979 1179 4028 statuunt.
1192 3965 1291 4031 Vete-

222 4082 298 4126 rum
312 4063 401 4127 euim
413 4063 475 4127 hac
489 4062 530 4128 de
544 4085 579 4128 re
592 4064 720 4129 nullum
736 4082 839 4132 exstat
850 4066 1084 4132 testimonium.
1095 4070 1182 4133 Ante
1189 4090 1292 4134 saecu-
