2670 4824
498 369 562 437 ET
587 367 818 439 JUDICIA.
1135 388 1194 441 xm

126 514 262 591 panea,
277 488 317 563 10
334 487 390 562 his
404 513 469 580 ea,
486 515 569 590 quae
581 489 627 563 de
641 503 822 562 terrarum
833 488 906 561 situ
920 487 1064 591 Trogus
1077 491 1196 590 scrip-

127 615 234 676 serat.
260 603 381 692 Sunt,
416 599 479 699 qui
508 599 690 700 integram
715 598 832 701 Trogi
859 598 1046 672 historiam
1075 600 1198 673 dicant

128 713 234 785 firisse
260 711 300 784 in
318 710 541 783 Bibliotheca
558 709 770 810 Marquardi
794 706 927 799 Gudii,
953 709 1109 781 sednon
1129 736 1198 812 ego

127 822 293 897 credulus
311 820 395 893 illis.
415 823 469 891 lta
481 844 626 919 quoque
641 819 759 891 Aldus
775 818 962 891 Manutius
980 844 1113 920 magna
1133 846 1198 918 spe

129 960 164 1007 se
187 931 366 1022 lactabat,
399 929 515 1029 Trogi
542 928 708 1002 historias
738 944 877 1002 exstare
903 929 1001 1027 apud
1039 930 1199 1004 amicum

128 1041 311 1142 quendam
333 1040 484 1113 doctum
503 1064 544 1111 00
561 1053 731 1138 speetatae
751 1038 856 1130 fidei,
875 1039 1139 1141 futurumque,
1157 1056 1200 1114 ut

129 1151 345 1251 propediem
367 1151 406 1223 in
432 1150 552 1222 lucem
579 1150 788 1223 ederentur.
824 1149 895 1222 Sed
919 1149 980 1222 illa
1003 1176 1084 1248 spes
1107 1178 1201 1226 vana

131 1263 218 1350 tuin
239 1288 359 1362 neque
388 1262 533 1361 Trogus
559 1259 606 1332 ad
631 1260 724 1333 hanc
747 1258 846 1330 diem
874 1259 994 1332 lucem
1020 1261 1198 1358 adspexit.

132 1372 222 1472 Qnae
246 1371 342 1445 libro
369 1371 537 1443 XXXVI
564 1370 760 1442 traduntur
780 1369 825 1441 de
851 1371 1011 1462 Judaeis,
1034 1396 1076 1442 ea
1095 1371 1200 1444 illus-

133 1496 273 1556 trantur
290 1480 443 1580 partim,
459 1480 596 1579 partim
618 1480 838 1580 castigantur
855 1481 948 1554 aJo.
962 1482 1040 1553 Jac.
1060 1480 1202 1554 Schuetz

131 1592 167 1667 in
187 1591 409 1691 compendio
427 1591 601 1664 Historiae
620 1589 781 1662 Judaicae
797 1616 818 1661 e
836 1590 1038 1663 Gentilium
1058 1591 1201 1690 seriptis

131 1702 305 1793 collecto,
324 1701 490 1774 Francos.
520 1725 625 1798 ¹7⁰⁰·
646 1702 683 1771 8.
699 1699 856 1773 Videtur
873 1701 1038 1774 lustinus
1060 1703 1098 1774 in
1114 1703 1203 1801 plu·

133 1812 231 1885 ritus
255 1839 339 1885 usus
363 1811 478 1910 Trogi
504 1811 649 1901 verbis,
682 1810 778 1883 unde
800 1812 862 1886 vix
887 1813 1022 1885 Justini
1053 1815 1126 1886 0110
1156 1815 1203 1886 011

134 1924 258 2022 Trogo
284 1922 401 1995 aliena
423 1922 462 1994 in
484 1946 652 1994 sermone
678 1922 830 2023 vestigia
854 1948 1052 2021 apparere,
1075 1925 1124 1996 ait
1138 1926 1200 1997 Jo.

133 2033 229 2107 Frid.
242 2032 451 2108 Gronovius
460 2031 670 2105 Observatt.
684 2032 750 2123 1v‚
770 2057 833 2123 10,
847 2060 931 2132 pag.
950 2036 1030 2125 154.
1046 2036 1204 2133 8010000

133 2158 184 2218 est
208 2143 312 2216 MSS.
333 2140 468 2215 Justini
487 2141 672 2215 codicibus
696 2143 836 2243 praefigi
860 2145 1065 2243 speciosum
1088 2146 1203 2247 Trogi

132 2279 289 2344 nomen,
312 2267 396 2325 00ῐο
416 2252 533 2325 multa
546 2257 623 2353 jam
644 2253 774 2325 saecula
790 2254 984 2351 deperditi.
1005 2259 1058 2328 lta
1078 2262 1205 2354 Lupus

134 2363 368 2436 Ferrariensis
382 2363 496 2460 Epist.
514 2387 579 2454 20,
593 2365 721 2435 Petrus
734 2363 909 2435 Blesensis
922 2364 1037 2461 Epist.
1051 2367 1117 2456 85,
1133 2371 1182 2462 94
1190 2419 1205 2457 ,

134 2474 316 2548 AElfredus
337 2472 603 2549 Beverlacensis
620 2473 658 2544 in
680 2473 882 2545 Annalibus
897 2476 1037 2574 Regum
1056 2476 1208 2548 Britan-

134 2585 204 2659 010
216 2613 301 2686 pag.
317 2590 364 2676 04
372 2640 385 2677 ,
398 2599 434 2657 et
446 2584 506 2657 0111
515 2584 699 2684 juniores,
710 2583 857 2684 quando
871 2585 1090 2682 Pompeium
1104 2585 1206 2658 Tro-

134 2724 222 2798 gum
235 2696 374 2787 citant,
393 2694 529 2767 Justini
546 2693 733 2791 epitomen
752 2693 976 2795 intelligunt.
998 2695 1208 2796 Narratque

135 2806 315 2880 eruditiss.
331 2804 599 2906 Wagenseilins
613 2803 652 2876 in
665 2806 750 2877 Sota
764 2832 848 2906 pag.
863 2806 956 2902 576,
972 2806 1153 2880 exsiluisse
1167 2834 1207 2880 se

135 2944 210 3017 prae
221 2916 494 3019 gaudio,quum
509 2914 1208 3015 10111111.80000100010011101010001000)

137 3028 396 3130 magnitudinis
406 3027 572 3127 Trogum
581 3025 801 3122 Pompeium
809 3024 1028 3123 inscriptum
1038 3025 1204 3100 vidisset:

140 3140 282 3240 Quam,
302 3138 431 3211 dixisse
452 3135 550 3234 apud
568 3162 627 3227 se,
652 3160 717 3232 ego
741 3136 822 3209 laeto
842 3141 976 3208 nuncio
993 3134 1209 3209 exhilarabo

137 3256 232 3323 uiros
248 3249 372 3322 doctor
383 3304 396 3337 ‚
417 3261 503 3347 quot
525 3261 559 3317 et
580 3261 720 3346 quanta
741 3244 826 3317 miti
844 3245 987 3318 dabunt
999 3246 1207 3344 evangelia!

139 3375 173 3432 at
189 3385 306 3460 quum
323 3359 384 3433 vix
400 3357 598 3455 aperuisset
616 3355 770 3447 librum,
785 3355 909 3428 statim
924 3355 977 3427 illi
994 3358 1042 3427 ob
1060 3357 1209 3429 menda·

139 3494 218 3542 cem
244 3468 418 3559 titulum,
445 3467 512 3539 sibi
539 3490 684 3566 quoque
713 3492 838 3566 paene,
866 3466 915 3539 ob
937 3466 1046 3540 nimis
1065 3466 1208 3540 facilem

141 3579 418 3670 eredulitatem,
433 3577 664 3679 indignatum
680 3607 688 3647 z
704 3601 873 3674 0010010
885 3575 1012 3677 Trogo
1021 3577 1208 3648 lustinum

139 3689 328 3789 reperisse.
348 3687 552 3762 Bernardus
569 3686 873 3761 Montefalconius
890 3686 930 3758 10
942 3686 1068 3759 Diarin
1084 3686 1210 3759 ltalico

142 3827 225 3902 pag.
247 3801 295 3897 76
311 3813 439 3891 notat,
455 3798 621 3899 prologos
638 3797 754 3870 rarius
771 3823 958 3871 occurrere
975 3798 1013 3869 in
1028 3796 1213 3871 codicibus

144 3910 279 3983 Justini
302 3911 406 3982 MSS.
431 3909 542 3984 Notae
564 3907 610 3980 ad
636 3907 807 4009 prologos
828 3907 1046 4006 pereruditus
1073 3907 1214 3979 abbatis

140 4022 187 4096 de
215 4024 402 4119 Longerue
423 4035 563 4096 exstant
585 4020 624 4093 in
651 4019 810 4093 editione
836 4018 972 4092 Justini
992 4016 1209 4110 Parisiensi,

139 4160 224 4237 quae
253 4160 314 4209 00.
349 4160 464 4233 1709,
499 4133 642 4207 minore
668 4131 786 4206 forma
816 4128 973 4231 prodiit,
990 4154 1059 4203 nec
1079 4155 1156 4205 non
1173 4127 1214 4202 in
