2670 4824
218 545 1018 711 &aaouauouaua

452 877 532 965 DE
567 873 857 965 JUSTINO.

557 1127 748 1145 m

131 1302 155 1366 l.
169 1268 332 1368 Jusrtnus
356 1315 485 1383 noster,
511 1293 602 1388 quod
625 1296 694 1390 ipse
716 1316 777 1363 nos
803 1290 901 1362 docet
928 1296 963 1361 in
986 1298 1196 1388 praefatione,

131 1407 285 1495 excerpsit
308 1406 454 1469 Tuooust
478 1403 672 1484 Pourmuu,
696 1403 772 1489 qui,
795 1417 833 1464 ut
855 1400 1003 1466 indidem
1025 1404 1196 1492 cognosci·

129 1527 215 1586 tuus,
236 1507 340 1570 totius
360 1505 451 1569 orbis
468 1505 620 1568 historias
641 1504 746 1568 XLIV
768 1503 861 1567 libris
881 1504 1053 1592 scripserat
1076 1505 1197 1588 latine,

129 1606 277 1671 historias
298 1607 491 1695 Philippicas
512 1606 696 1695 inscriptas,
714 1604 749 1669 id
766 1620 831 1686 est,
848 1603 890 1669 de
911 1607 1051 1695 imperio
1071 1608 1199 1697 Philip·

127 1709 200 1796 pico
213 1711 283 1774 sive
298 1707 533 1789 Macedonico,
551 1708 674 1797 quippe
690 1709 724 1771 in
741 1726 808 1796 quo
826 1709 929 1789 major
943 1732 1016 1798 pars
1034 1711 1162 1799 operis,
1180 1733 1199 1774 a

128 1809 259 1881 titavu
275 1811 317 1876 ad
333 1811 424 1891 xm,
439 1825 611 1874 versatur:
628 1810 661 1873 in
680 1810 801 1898 quibus
823 1811 1020 1875 imitandum
1037 1813 1101 1876 sibi
1119 1837 1198 1903 pro·

127 1929 281 2001 posuerat
292 1913 443 2002 inprimis
456 1912 732 2002 Theopompum,
748 1913 899 1978 lsocratis
915 1913 1118 1993 auditorem,
1137 1916 1201 1979 his·

126 2017 268 2080 tot-icum
281 2015 383 2079 aetatis
394 2038 459 2079 suae
473 2014 746 2097 celeberrimum,
760 2016 853 2096 cujus
865 2015 1046 2105 fragmenta
1061 2017 1201 2081 collecta

128 2134 159 2182 et
171 2118 335 2182 illustrata
350 2116 444 2182 avide
466 2133 689 2205 exspectamus
704 2140 723 2180 a
739 2118 776 2179 F.
793 2117 944 2199 Kochio,
960 2135 1090 2183 rectore
1106 2141 1200 2207 gym-

129 2221 233 2302 nasii,
263 2218 354 2307 quod
382 2220 500 2285 Stetini
528 2217 648 2301 floret,
677 2218 877 2285 doctissimo.
909 2221 976 2301 Qui
1002 2220 1137 2307 quidem
1163 2237 1202 2285 ut

128 2321 189 2385 Xll
200 2321 296 2386 libris
306 2369 315 2403 ,
326 2320 417 2408 quod
426 2322 656 2409 cognoscimus
665 2343 706 2384 ex
718 2320 867 2384 Diodoro
876 2321 990 2386 Siculo
1003 2324 1109 2410 (xlv,
1123 2322 1200 2410 84),

128 2423 296 2513 amplexus
318 2422 424 2487 suerat
446 2423 617 2486 historiam
641 2422 833 2487 Graecorum
850 2424 892 2488 ab
908 2447 996 2490 anno
1012 2424 1091 2490 inde
1107 2426 1148 2489 U.
1164 2430 1203 2490 C.

130 2525 211 2609 344,
226 2525 287 2590 uhi
302 2524 514 2613 Thucydides
529 2523 736 2607 substiterat,
747 2524 790 2590 ad
802 2543 926 2589 annum
940 2549 1046 2616 usque
1059 2528 1142 2609 360;
1155 2529 1203 2592 sic

127 2627 306 2719 Pompeius
321 2626 378 2690 ille
392 2649 412 2691 a
427 2627 539 2708 Nino,
552 2627 661 2716 primo
677 2629 883 2718 Assyriorum
901 2652 996 2718 rege,
1012 2629 1055 2694 ad
1071 2634 1202 2719 Augusf

128 2746 199 2796 tum
221 2751 349 2818 usque,
369 2730 471 2793 totius
492 2729 582 2793 orbis
600 2730 752 2795 historias
773 2732 877 2795 XLIV
891 2731 986 2797 libris
1009 2732 1203 2821 complexus

130 2833 251 2913 fuerat,
268 2854 431 2895 annorum
450 2828 537 2895 2155
555 2833 672 2896 seriem
690 2855 904 2922 percurrens,
921 2834 991 2901 fere
1005 2837 1092 2900 circa
1104 2838 1143 2900 A.
1161 2837 1202 2901 U.

132 2936 209 3022 748,
226 2936 376 3023 quinque
389 2935 482 2997 annis
498 2948 573 2997 ante
590 2934 755 2998 Christum
770 2952 895 3000 uatum.

173 3039 248 3127 lpse
263 3037 398 3101 natione
414 3035 545 3117 Gallus,
560 3051 671 3099 ortum
691 3036 838 3115 trahens,
857 3036 949 3125 quod
969 3038 1041 3126 ipso
1066 3053 1203 3102 auctore

133 3140 275 3228 (XLIII,
293 3137 331 3221 5,
352 3137 412 3225 aa)
435 3137 625 3218 referimus,
641 3161 659 3200 a
675 3138 843 3202 Vocontiis
860 3138 1099 3229 (Delphinum,
1115 3141 1203 3221 sive,

132 3241 222 3329 quod
245 3264 368 3306 nomen
393 3241 600 3330 nuperrima,
621 3262 694 3326 quae
714 3241 865 3322 evanuit,
888 3256 921 3305 et
944 3241 1083 3329 imperio
1108 3240 1204 3304 cessit

133 3366 209 3409 mox
224 3346 367 3409 invicem
378 3345 543 3433 perituro,
558 3342 684 3407 Gallica
697 3342 883 3432 respublica
893 3342 974 3405 huic
987 3358 1137 3406 recenter
1151 3340 1205 3403 da-

133 3463 202 3512 tum
218 3448 376 3527 servavit,
392 3445 452 3509 Les
473 3445 592 3508 Hautes
613 3442 748 3532 Alpes),
763 3466 859 3507 avum
875 3443 1054 3523 habuerat,
1071 3466 1088 3505 a
1106 3444 1204 3506 Pom·

133 3551 205 3638 peio
228 3550 350 3638 Magno
373 3549 407 3612 in
432 3548 522 3612 bello
546 3546 756 3628 Sertoriano,
772 3547 811 3609 A.
827 3546 868 3608 U.
886 3543 1055 3633 675-681,
1073 3545 1205 3608 civitate

95 3651 99 3657 ’
134 3653 279 3717 Romana
297 3651 475 3732 donatum;
496 3664 650 3739 patruum
673 3649 735 3713 sub
759 3647 876 3713 eodem
897 3649 1093 3738 imperatore
1115 3648 1208 3711 bello

133 3753 375 3836 Mithridatico,
392 3755 430 3817 A.
451 3754 492 3818 U.
510 3752 677 3840 687-692,
696 3753 845 3838 equitum
864 3766 1047 3815 turmarum
1067 3751 1206 3832 ‹lucem5

132 3874 258 3947 patrem
271 3857 334 3922 sub
346 3858 487 3937 Caesare,
501 3855 681 3920 Galliarum
694 3854 909 3943 proconsule,
927 3856 963 3917 A.
980 3854 1019 3916 U.
1037 3854 1207 3940 695-703,

134 3961 348 4040 militantem,
368 3958 579 4044 ejusdemque
595 3957 801 4045 imperatoris
827 3957 1038 4044 epistolarum
1064 3974 1096 4021 et
1118 3959 1209 4045 lega-

133 4063 280 4143 tionum,
295 4059 393 4125 simul
408 4076 440 4125 et
456 4058 570 4123 annuli
588 4080 701 4122 curam
717 4058 904 4124 habentem.

1041 4187 1051 4229 t
