2670 4824
180 354 245 399 vnr
380 308 383 313 Ι
598 324 833 395 LECTORI

181 477 293 560 auxit
305 473 460 583 diuitiis
478 503 488 555 ε
503 473 656 584 quique
670 470 792 585 praeci
796 499 876 583 pue
898 470 1053 553 caeteris
1071 500 1120 553 eo
1137 500 1247 585 prae-

182 636 286 700 stare
302 614 422 698 nobis
442 615 551 698 visus
570 630 651 716 est,
670 607 782 720 quod
803 606 1120 715 (difficillimum
1141 611 1246 694 inter

182 750 385 866 eruditos)
400 752 566 834 retinuit
581 780 628 833 ex
648 747 876 832 eruditione
897 747 1087 832 modum.
1104 748 1246 860 Quam

181 910 319 973 autem
331 893 373 973 in
389 886 600 973 tractando
611 886 640 970 J
641 889 775 971 ustino
787 888 1090 998 exquisitissimi
1105 890 1168 971 vir
1179 888 1248 971 ille

73 1036 80 1047 '
178 1025 318 1139 judicii
339 1028 450 1112 viam
472 1044 664 1140 sequutus
694 1028 769 1131 sit,
798 1055 882 1109 non
913 1025 1061 1110 melius
1090 1028 1246 1141 possim

180 1194 401 1278 exponere,
421 1195 547 1276 quam
562 1182 675 1278 parte
690 1163 940 1276 praefationis
959 1166 1105 1271 relata,
1120 1166 1149 1250 J
1151 1170 1250 1251 usti·

179 1304 311 1385 uianae
328 1302 497 1386 editioni
516 1302 567 1385 ab
587 1332 635 1384 eo
656 1302 890 1414 praemissae.

240 1480 259 1519 «
283 1441 332 1523 In
352 1444 480 1555 ipsius
498 1439 694 1556 (tustini)
715 1460 824 1523 textu
846 1438 1158 1548 constituendo,
1180 1443 1246 1525 in·

184 1616 203 1655 a
226 1581 315 1692 quit
328 1578 516 1683 Wetzel,
531 1578 747 1663 Graevium
768 1609 861 1662 sum
881 1598 1095 1691 sequutus,
1116 1611 1140 1662 a
1159 1611 1251 1692 quo-

185 1754 204 1793 «
228 1737 366 1801 tamen
384 1719 527 1803 multis
548 1719 589 1799 in
611 1718 711 1801 locis
738 1716 932 1822 discessi,
961 1716 1072 1829 quod
1092 1722 1246 1830 quaevis

186 1894 205 1935 a
227 1859 374 1972 pagina
388 1860 463 1943 tibi
479 1857 662 1943 ostendet
676 1876 792 1940 notas
805 1858 1059 1971 percurrenti
1076 1889 1085 1939 ε
1103 1888 1249 1970 quam-

184 2033 205 2073 «
228 2026 354 2107 quam
371 1995 415 2079 id
429 2026 513 2079 non
532 2027 694 2111 semper
709 1995 909 2101 indicavi,
925 2026 1056 2107 quum
1072 1993 1249 2083 Codices

186 2171 205 2211 a
230 2155 422 2245 sequutus
444 2138 548 2234 sim,
568 2137 637 2247 qui
667 2135 884 2218 lectionem
912 2135 1119 2249 potiorem
1139 2135 1248 2216 mihi

187 2310 207 2351 a
230 2268 468 2360 viderentur
486 2274 676 2357 exhibere
680 2334 765 2356 ......
788 2306 806 2346 »
880 2286 883 2291 '
1042 2363 1044 2369 ,

242 2450 261 2489 «
279 2411 329 2493 In
343 2410 581 2496 illustrando
595 2413 814 2525 scriptore,
825 2440 955 2521 quum
967 2407 1246 2516 difficultates,

185 2587 205 2626 a
227 2579 319 2661 quae
329 2552 553 2633 verborum
566 2570 786 2654 structura,
801 2551 1093 2633 sententiarum
1108 2548 1248 2632 obscu-

185 2726 205 2765 «
227 2682 366 2794 ritate,
386 2708 427 2771 et
444 2688 523 2770 alia
543 2688 612 2770 tali
633 2717 770 2772 caussa
785 2689 987 2793 oriuntur,
1003 2685 1150 2770 editori
1166 2690 1248 2770 sint

185 2862 205 2903 ι(
227 2824 438 2931 tollendae,
452 2826 516 2908 his
529 2826 743 2909 ‘subvenire
762 2825 872 2908 volui
890 2827 933 2907 in
948 2826 1055 2907 notis
1070 2824 1247 2908 substra-

186 2999 205 3039 «
229 2963 293 3045 tis.
315 2940 494 3069 Cretera,
509 2963 730 3047 verborum
750 2963 1104 3075 formularumque
1124 2966 1248 3046 inter·

186 3138 206 3178 a
227 3101 498 3214 pretationem
524 3103 566 3184 in
586 3100 772 3187 Iudicem
792 3101 939 3214 rejeci,
959 3102 1000 3184 iu
1028 3131 1110 3215 quo
1133 3102 1247 3186 mul-

77 3309 86 3361 ἰ
185 3274 205 3317 κ
228 3237 319 3322 tum
338 3243 443 3323 mihi
463 3241 616 3354 profuit
637 3240 949 3346 Fischerianus‚
979 3262 1192 3354 congestus
1223 3273 1247 3325 a

185 3414 205 3456 a
228 3376 533 3485 Freinshemio,
554 3399 694 3464 auctus
713 3412 738 3462 a
755 3380 922 3463 Vorstio
944 3399 983 3461 et
1008 3378 1245 3486 Scheffero,

185 3531 213 3592 «“
227 3516 441 3600 translatus
456 3549 481 3599 a
494 3517 528 3598 F
530 3520 687 3602 ischcro
703 3549 750 3602 ex
766 3517 944 3603 editione
965 3517 1123 3603 Graevii
1129 3580 1203 3601 .....
1223 3553 1242 3594 n

240 3694 260 3734 a
284 3655 468 3769 Scriptor
486 3677 623 3741 autem
640 3677 776 3742 noster
788 3672 918 3769 quum
934 3659 986 3741 sit
1005 3658 1245 3763 historicus,

185 3833 204 3873 «
227 3824 318 3907 quae
339 3797 524 3882 universe
544 3796 596 3880 ad
615 3798 829 3880 historiam
850 3793 1134 3879 illustrandam
1154 3825 1246 3909 per-

184 3970 204 4010 «
228 3934 380 4041 tinent,
405 3965 452 4017 ea
482 3938 525 4018 in
554 3937 661 4019 notis
689 3933 848 4027 dixi....,
872 3934 1080 4047 Equidem
1101 3933 1244 4047 hujus,

184 4108 204 4151 a
226 4100 352 4187 quern
370 4077 545 4189 scriptor
565 4104 680 4160 meus
700 4076 777 4160 sibi
797 4074 1142 4192 proposuit,·finis
1162 4105 1246 4159 uon

158 4316 236 4377 αι*
356 4296 385 4353 .ιῖ

80 4346 244 4503 ...v
